3200 5175
1306 323 1747 386 ..11-

374 500 624 568 ε’κειντο
670 502 760 591 τῷ
792 498 1064 567 Σόλωνι
1111 502 1482 586 τυραννίδα
1527 498 2004 584 προξενοῦντες
2038 497 2149 562 καὶ
2186 491 2669 573 ἀναπείθοντες

373 604 856 693 εὐτολμότερον
903 604 1209 686 ἅψασθαι
1255 608 1372 690 τῆς
1415 604 1670 683 πόλεως
1707 604 1986 689 ἐγκρατῆ
2026 600 2415 688 γενόμενον.
2479 605 2667 669 Prae-

373 716 556 799 cipue
603 715 788 780 Fabii
839 716 946 780 18:
993 709 1160 780 ἀλλὰ
1209 710 1526 799 πάρεστιν
1574 708 1835 797 ἄρξων
1882 709 1987 776 ἐπὶ
2033 708 2113 789 τὰ
2160 708 2510 795 πράγματα
2556 709 2668 776 καὶ

375 817 868 905 χρησόμενος
921 830 1062 896 τοῖς
1105 815 1354 903 νόμοις.
1445 841 1504 902 p.
1553 818 1783 882 620b:
1838 820 1910 882 τί
1949 813 2352 901 ποιούμενος
2394 816 2599 893 τέλος
2628 812 2663 882 ὁ

378 925 674 1012 αἱρεθεὶς
735 922 955 1011 ἄρξει
1017 924 1129 991 καὶ
1191 926 1330 1001 πῶς
1394 920 1791 1009 χρήσεται’
1837 935 1978 1000 τοῖς
2040 921 2204 989 κατὰ
2273 912 2669 1009 συμπόσιον.

379 1036 507 1099 809
538 1056 597 1099 c:
661 1031 1053 1120 (Κρητῖνος)
1103 1032 1399 1099 ἐκέλευσε
1445 1028 1564 1097 τὸν
1602 1026 1915 1116 Ἑρμείαν
1961 1028 2086 1118 τὴν
2133 1026 2387 1117 ἀρχὴν
2431 1054 2671 1115 παρα-

378 1138 722 1223 λαβόντα
793 1142 1140 1225 χρῆσθαι
1205 1151 1346 1216 τοῖς
1407 1131 1809 1224 πράγμασιν.
1910 1139 2087 1215 Quae
2152 1162 2296 1203 cum
2361 1140 2456 1203 ita
2522 1140 2672 1221 sint,

376 1248 556 1311 nulla
601 1247 920 1312 dubitatio
967 1250 1277 1332 superest,
1323 1247 1480 1331 quin
1527 1246 1847 1331 scriptura
1884 1246 2181 1330 legitima
2217 1245 2376 1309 haec
2414 1246 2527 1309 sit:
2577 1235 2670 1320 εἷς

375 1347 475 1419 ῶν
518 1350 708 1440 ἄρξῃ
756 1351 866 1418 καὶ
913 1350 1294 1438 χρήσηται
1339 1365 1479 1429 τοῖς
1523 1350 1881 1437 πράγμασι.

554 1459 921 1526 Coriolani
969 1461 1081 1525 21:
1140 1454 1388 1545 ἡμέρας
1449 1454 1510 1523 δ’
1563 1454 1795 1541 ὀλίγας
1840 1461 1915 1523 ἔν
1964 1476 2142 1524 τισιν
2188 1454 2420 1542 ἀγροῖς
2466 1452 2667 1533 αὐτὸς

373 1560 529 1631 καθ’
577 1561 790 1651 ,αὑτὸν
835 1561 965 1631 ὑπὸ
1012 1564 1695 1649 πολλῶνδιενεχθεὶς
1740 1567 2103 1649 λογισμῶν,
2153 1566 2339 1641 οἴους
2376 1560 2411 1630 ὁ
2451 1561 2673 1649 θυμὸς

335 1669 764 1755 ’ὑπε’βαλλεν,
809 1670 1052 1740 ‘'(OCT’
1100 1667 1243 1738 οὔτ’
1295 1675 1389 1749 είς
1433 1669 1642 1738 καλὸν
1690 1668 1841 1738 οὔτε
1890 1671 2237 1756 συμφέρον
2275 1666 2480 1737 οὐδὲν
2516 1666 2664 1736 ἀλλ’

374 1772 416 1864 ἢ
480 1776 556 1844 τὸ
604 1773 971 1864 Ῥωμαίους
1033 1784 1378 1863 μετελθεῖν
1443 1773 1821 1862 ἐγίνωσκε
1882 1775 2177 1863 πόλεμόν
2242 1802 2394 1843 τινα
2448 1774 2672 1861 βαρὺν

374 1884 485 1951 καὶ
531 1882 784 1971 ὅμορον
831 1880 1201 1970 ἀναστῆσαι
1250 1881 1350 1950 ἐπ’
1403 1881 1663 1962 αὐτοὺς.
1739 1886 1910 1962 Quin
1954 1888 2133 1951 locus
2181 1888 2520 1969 corruptus
2569 1886 2669 1968 sit,
2782 1956 2788 1961 ,

375 2015 457 2057 ne
513 1982 824 2078 punctum
883 1991 1140 2077 quidem
1195 1994 1506 2077 temporis
1565 1994 1859 2058 dubitare
1914 1994 2085 2058 licet.
2176 1991 2401 2075 Neque
2448 1996 2668 2056 tamen

383 2122 416 2165 e
464 2100 814 2183 propositis
863 2103 976 2164 aut
1023 2100 1531 2164 correctionibus
1579 2104 1693 2163 aut
1738 2100 2277 2183 explicationibus
2318 2100 2449 2164 ulla
2490 2099 2669 2183 quid-

381 2229 574 2289 quam
620 2206 1098 2289 probabilitatis
1136 2205 1385 2270 habeat.
1465 2207 1554 2269 015
1583 2200 1713 2289 πρὸ
1752 2200 1964 2289 ἡμῶν,
2010 2206 2221 2290 inquit
2249 2204 2506 2289 CoraeS,
2551 2225 2671 2269 πα-

381 2309 671 2398 ρῄνεσαν
704 2306 1131 2395 Ὠσάμενος
1179 2312 1290 2387 εἰς
1324 2309 1569 2376 καλόν
1608 2318 1741 2377 κτλ.
1780 2309 2227 2389 συνάπτοντες
2263 2314 2353 2399 τῷ
2383 2308 2671 2395 Θυμός·

380 2419 593 2506 ἕτεροι
652 2414 726 2482 δὲ
759 2407 989 2481 Ὦισεν
1049 2412 1336 2483 ἑαυτὸν
1397 2413 1557 2482 οὔτ’
1624 2420 1736 2494 είς
1792 2416 2018 2484 καλόν.
2090 2414 2303 2503 Ἴσως,
2340 2417 2672 2501 γραπτέον

379 2520 830 2612 (περιελόντας
873 2522 948 2591 τὸ
997 2519 1205 2611 ὥστ’)
1258 2520 1433 2591 Οὔτ’
1485 2527 1598 2604 είς
1642 2523 1912 2609 καλόν,
1958 2518 1999 2610 ἢ
2048 2526 2249 2610 γοῦν,
2300 2520 2495 2590 Οὔτε
2540 2548 2672 2589 κα-

377 2630 464 2699 λό
477 2658 547 2717 ν,
596 2628 748 2698 οὔτε
796 2631 1141 2716 συμφέρον
1189 2625 1394 2697 οὐδὲν
1440 2627 1583 2698 ἀλλ’
1636 2626 1677 2717 ἢ
1722 2628 1797 2698 τὸ
1827 2628 1913 2698 Ῥ.
1950 2637 2298 2717 μετελθεῖν
2334 2631 2672 2716 ἐγίνωσκε,

379 2737 674 2825 πόλεμόν
717 2764 869 2804 τινα
915 2777 989 2785 -
1041 2734 1489 2822 ἀναστήσας
1535 2735 1634 2804 ἐπ’
1689 2736 1971 2816 αὐτούς’
2046 2740 2266 2804 Verba
2302 2733 2671 2822 ἀναστῆσαι

313 2864 321 2870 ·
387 2843 485 2912 ἐπ’
548 2842 793 2922 αὐτούς
845 2846 1195 2910 Sintenisio
1250 2846 1458 2910 iudice
1507 2849 1809 2930 suspecta
1854 2848 2063 2911 reddit
2106 2847 2342 2911 hiatus·
2386 2882 2473 2896 —-
2522 2844 2671 2920 Qui-

385 2957 502 3020 bus
566 2975 754 3018 nemo
818 2954 888 3041 ni
943 2953 1136 3018 fallor
1191 2956 1532 3017 contentus
1588 2953 1727 3018 erit.
1822 2953 2029 3018 Locus
2096 2976 2227 3018 non
2292 2956 2393 3016 est
2458 2973 2490 3015 e
2557 2973 2672 3014 nu-

383 3084 562 3127 mero
621 3082 840 3124 eorum
888 3061 998 3144 qui
1044 3059 1226 3124 ulcus
1273 3061 1635 3124 insanabile
1684 3061 1912 3126 alendo
1961 3055 2313 3144 ἀνήκεστοι
2362 3059 2673 3142 appellari

383 3170 620 3252 solent,
678 3169 787 3232 sed
844 3189 920 3231 ex
978 3168 1087 3250 iis,
1153 3189 1314 3252 quos
1370 3169 1538 3232 male
1600 3168 1965 3234 intellectos
2011 3167 2261 3232 librarii
2308 3166 2408 3231 vel
2456 3165 2673 3250 potius

380 3277 556 3340 illius
605 3275 916 3359 temporis
963 3275 1260 3359 magistri
1308 3275 1530 3338 eodem
1577 3275 1711 3338 fere
1758 3275 1949 3339 modo
1997 3296 2121 3358 quo
2167 3274 2461 3343 nonnulli
2502 3277 2673 3337 aeta·

380 3384 468 3448 tis
533 3384 795 3446 nostrae
851 3381 1056 3445 critici
1111 3380 1364 3446 lacunis
1423 3381 1811 3464 quibusdam
1873 3380 2246 3464 supplendis
2301 3379 2671 3462 pessumde-

385 3489 634 3568 derant,
672 3491 882 3570 atque,
915 3492 988 3550 ut
1024 3488 1116 3552 ita
1155 3488 1383 3570 dicam,
1413 3484 1684 3570 ἰώμενοι
1713 3482 1836 3569 τὴν
1867 3483 2078 3552 νόσον
2106 3490 2301 3570 μείζω
2333 3486 2673 3568 ἐποίησαν.

388 3593 551 3657 Vitii
607 3593 791 3676 origo
837 3593 962 3656 fuit
1004 3593 1166 3656 illud
1216 3593 1428 3675 (ocss,
1483 3593 1653 3676 quod
1699 3615 1819 3676 pro
1868 3594 2317 3659 coniunctione
2364 3587 2519 3658 ὥστ’
2571 3618 2674 3659 ac-

388 3703 645 3783 ceptum
691 3697 1049 3762 orationem
1099 3699 1526 3783 incongruam
1571 3698 1849 3764 reddidit
1894 3702 2005 3785 ita,
2052 3703 2124 3764 ut
2170 3701 2380 3785 specie
2419 3702 2673 3786 quidem

385 3807 696 3872 lacunosa
741 3806 1078 3869 videretur.
1161 3806 1262 3869 Ad
1309 3805 1476 3870 hanc
1520 3793 1719 3891 igitur
1765 3808 2063 3872 lacunam
2110 3809 2323 3871 fictam
2374 3811 2438 3888 et
2485 3809 2674 3871 simu-

385 3915 587 3977 latam
661 3913 1079 3997 supplendam
1145 3913 1303 3978 illud
1371 3911 1748 3995 ἐγίνωσκε
1814 3915 2037 3979 eodem
2094 3937 2287 3980 sensu
2354 3937 2481 3999 quo
2546 3915 2676 3978 διε-

387 4031 603 4085 νοεῖτο
651 4019 905 4083 illatum
951 4024 1050 4084 est
1097 4024 1288 4105 atque
1334 4020 1677 4104 insequens
1716 4015 2194 4103 ἀναστήσας,
2242 4021 2412 4104 quod
2452 4023 2676 4085 contra

387 4125 870 4210 interpolatoris
916 4125 1256 4190 consilium
1304 4126 1412 4190 ad
1431 4127 1865 4212 praeteritum
1898 4129 2235 4209 spectaret,
2280 4126 2347 4188 in
2394 4119 2674 4208 ἀναστῆ-

387 4251 497 4298 σαι
559 4234 900 4297 mutatum.
989 4229 1178 4295 Nunc
1239 4235 1454 4295 autem
1510 4253 1665 4295 voce
1722 4231 1838 4294 illa
1899 4232 2094 4295 dubia
2140 4231 2520 4315 ἐγίνωσκε
2568 4232 2677 4295 eli-

389 4329 660 4424 minata,
717 4342 782 4403 et
834 4360 953 4421 pro
1003 4331 1156 4401 ὥστ’
1210 4337 1450 4420 scripto
1498 4331 1773 4421 (ἐ’)ωστ’,
1829 4337 1972 4400 vide
2019 4358 2211 4420 quam
2258 4337 2420 4401 bene
2468 4339 2676 4403 oratio

361 4447 708 4511 ‘decurrat-t
771 4438 902 4511 ὑπὸ
963 4444 1233 4510 πολλῶν
1291 4441 1659 4527 διενεχθεὶς
1713 4444 2083 4527 λογισμῶν,
2140 4443 2327 4519 οἵους
2372 4437 2407 4508 ὁ
2458 4439 2679 4528 θυμὸς
