3200 5175
1234 319 1671 386 ...25-

304 520 513 584 neque
558 497 1059 564 constructionis
1095 497 1264 562 ratio
1305 497 1588 584 intelligi
1624 501 1857 582 potest,
1900 496 2281 581 praesertim
2320 519 2464 562 cum
2504 518 2599 561 se-

307 609 588 691 quantur
643 600 688 670 οὶ
741 604 960 682 καλῶς
1016 607 1082 669 et
1134 600 1428 669 κάλλιον.
1520 603 1849 670 similibus
1904 605 1979 667 ut
2033 603 2283 668 videtur
2329 603 2601 668 difficul-

303 714 551 780 tatibus
606 712 918 797 respectis
959 710 1326 798 Madvigius
1365 713 1641 778 correxit
1690 704 1971 799 εὐοδίρι
2024 711 2142 794 τῆς
2187 714 2603 796 στρατηγίας,

305 822 505 887 verbo
561 843 695 886 non
740 818 1077 885 Plutarchi
1133 819 1244 884 sed
1300 818 1613 903 Hesychii
1668 840 1851 901 usus3
1908 819 2281 903 ceteroquin
2333 840 2410 884 ea
2466 840 2601 883 cor-

306 929 595 994 rectione
650 949 733 992 ne
791 948 1016 991 sensus
1074 926 1330 1010 quidem
1375 925 1562 990 valde
1610 918 1847 990 εὐοδεῖ.
1894 963 1981 972 -
2027 925 2153 992 Hic
2199 947 2343 990 cum
2391 923 2603 991 Cimo-

309 1057 460 1100 nem
514 1037 817 1119 quattuor
870 1033 1190 1098 mensium
1235 1033 1554 1116 stipendia
1598 1033 1670 1096 in
1715 1033 1985 1099 classem
2034 1033 2357 1117 accepisse
2402 1033 2597 1098 modo

310 1142 602 1223 dixisset,
668 1142 1168 1204 consentaneum
1233 1143 1372 1205 erat
1426 1161 1614 1224 sane,
1680 1143 1752 1205 ut
1810 1141 1879 1206 in
1931 1141 2103 1206 hunc
2158 1139 2261 1206 vel
2322 1139 2601 1205 similem

305 1248 568 1313 modum
623 1248 945 1331 pergeret:
1000 1241 1378 1330 πλουτήσας
1432 1240 1496 1311 δ’
1559 1241 1687 1312 ἀπὸ
1744 1248 1861 1331 τῆς
1907 1251 2248 1334 στρατείας
2292 1240 2335 1311 ἃ
2380 1247 2599 1324 καλῶς

301 1359 437 1419 κτλ.
495 1353 588 1418 sic
645 1356 719 1417 ut
772 1352 928 1418 dicit
983 1354 1092 1418 13:
1145 1352 1549 1441 πραθέντων
1607 1350 1684 1418 δὲ
1726 1354 1864 1419 τών
1910 1351 2345 1440 αἰχμαλώτων
2392 1349 2603 1437 λαφύ-

301 1485 475 1546 ρων,
535 1466 634 1537 εἴς
683 1482 753 1525 τε
797 1448 1004 1524 τᾶλλα
1049 1455 1384 1547 χρήμασιν
1429 1455 1464 1525 ὃ
1513 1461 1725 1544 δῆμος
1771 1457 2081 1546 ἐρρώσθη
2128 1458 2239 1526 καὶ
2284 1460 2365 1547 τῇ
2409 1455 2604 1546 ἀκρο-

301 1563 491 1633 πόλει
543 1560 618 1632 τὸ
678 1561 912 1631 νότιον
957 1575 1169 1651 τεῖχος
1212 1563 1695 1632 κατεσκεύασεν
1740 1560 1864 1632 ἀπ’
1918 1566 2226 1652 ἐκείνης
2271 1563 2603 1652 εὐπορή-

306 1691 444 1752 σας
487 1673 622 1758 τῆς
667 1676 1095 1758 στρατείας.
1148 1673 1227 1739 In
1265 1673 1580 1739 eiusmodi
1624 1695 1693 1739 re
1732 1673 1894 1738 dixit
1940 1675 2017 1739 de
2062 1673 2344 1740 Aemilio
2391 1676 2461 1739 4:
2509 1675 2604 1750 εἰς

296 1777 556 1865 Ῥώμην
595 1778 974 1866 ἐπανῆλθεν
1012 1776 1170 1847 οὐδὲ
1211 1781 1470 1867 δραχμῇ
1508 1780 1627 1868 μιᾷ
1664 1776 1955 1865 γεγονώς
1982 1776 2434 1870 εὐπορώτερος
2470 1775 2601 1846 ἀπὸ

302 1888 420 1972 τῆς
472 1891 831 1972 στρατείας.
913 1885 1096 1954 anS.
1163 1889 1270 1953 12:
1333 1881 1682 1973 ἀπηλλάγη
1734 1887 1852 1972 τῆς
1908 1886 2223 1973 ἐπαρχίας
2282 1883 2484 1967 αὐτός
2534 1912 2605 1954 τε

303 1991 625 2072 πλούσιος
651 1990 944 2079 γεγονώς
971 1989 1256 2071 καὶτοὺς
1275 1989 1680 2080 στρατιώτας
1708 1988 2067 2079 ὠφεληκώς
2094 1990 2223 2061 ἀπὸ
2250 1996 2389 2061 τών
2410 2012 2603 2083 στρα-

300 2103 517 2170 τειῶν.
609 2101 844 2169 Coriol.
891 2103 1006 2168 27:
1071 2091 1160 2186 ἧν
1206 2097 1281 2167 δὲ
1325 2095 1727 2186 μικρότατον
1775 2103 1977 2188 ἔργον
2022 2097 2201 2193 αὐτῷ
2246 2103 2364 2187 τῆς
2409 2119 2604 2187 στρα-

301 2211 481 2288 τείας
526 2207 780 2294 ἐκείνης
822 2203 863 2295 ἡ
911 2203 1208 2296 εὐπορία.
1293 2207 1371 2273 cf.
1418 2208 1701 2273 Demetr.
1748 2209 1816 2274 8:
1860 2205 2107 2276 τούτου
2150 2207 2445 2295 πόλεμον
2492 2204 2605 2275 οὐ-

306 2314 446 2394 δεὶς
492 2315 856 2401 ἐπολέμησε
890 2315 1026 2380 τῶν
1061 2313 1394 2400 βασιλέων
1429 2318 1677 2380 καλλίω
1714 2312 1826 2380 καὶ
1865 2313 2311 2398 δικαιότερον·
2360 2309 2439 2392 ἃς
2475 2312 2602 2400 γὰρ

301 2419 440 2510 ἅμα
501 2419 661 2500 τοὺς
721 2420 1103 2509 βαρβάρους
1159 2423 1628 2500 ταπεινοῦντες
1673 2417 1985 2510 εὐπορίας
2031 2420 2448 2509 συνήγαγον,
2512 2425 2607 2500 εἰς

301 2527 462 2609 τοὺς
501 2526 831 2615 Ἕλληνας
890 2524 1056 2617 ὑπὲρ
1122 2523 1427 2611 εὐδοξίας
1486 2527 1598 2596 καὶ
1652 2532 1847 2618 τιμῆς
1903 2525 2287 2618 ἀνήλισκον.
2374 2529 2604 2615 Itaque

305 2639 584 2705 conicio:
639 2633 769 2722 ἤδη
827 2632 888 2702 δ’
950 2630 1257 2726 εὐπορῶν
1315 2632 1350 2703 ὁ
1400 2640 1642 2723 Κίμων
1689 2632 1969 2723 σφόδρ’
2020 2632 2169 2703 ἀπὸ
2216 2638 2333 2724 τῆς
2381 2654 2605 2721 στρα-

2331 2760 2373 2797 π

302 2820 548 2901 τείας,
596 2810 639 2881 ἃ
684 2815 899 2892 καλῶς
949 2812 1038 2881 κὲ.
1087 2814 1421 2883 Librarius
1479 2817 1726 2883 scilicet
1769 2817 1991 2883 verba:
2050 2816 2411 2899 (ΦΟΔΡΑ,
2463 2815 2503 2880 i.
2551 2838 2604 2881 e.

311 2919 557 3010 σφόδρ’
610 2917 739 2988 ἀπὸ
784 2923 954 2987 male
992 2922 1176 3007 legit:
1224 2918 1486 3007 ἐφόδια,
1522 2923 1695 3009 sigla
1730 2922 2233 3009 praepositionis
2271 2917 2402 2988 ἀπό
2445 2943 2602 3008 neg-

306 3034 492 3098 lecta.
541 3030 854 3097 Similiter
891 3030 1049 3095 alibi
1089 3052 1123 3094 e
1169 3031 1651 3115 praepositione
1696 3033 1853 3115 περί
1884 3032 2024 3096 sola
2068 3030 2258 3095 litera
2294 3052 2342 3095 π
2380 3052 2604 3115 super-

303 3140 431 3205 fuit
474 3140 652 3204 velut
695 3122 764 3223 p.
810 3138 934 3203 169
966 3160 1022 3202 a.
1068 3159 1187 3223 pro
1235 3134 1572 3222 περιόδων
1582 3189 1609 3223 ,,
1639 3138 1811 3223 quod
1858 3159 1893 3203 e
1938 3136 2257 3222 Xylandri
2303 3136 2601 3203 emenda-

303 3247 483 3312 tione
530 3245 756 3329 editur,
803 3266 1026 3311 omnes
1073 3244 1251 3311 codd.
1290 3245 1472 3311 dant:
1516 3246 1767 3332 ποδώυ;
1814 3247 1954 3309 erat
1990 3244 2238 3310 scilicet
2283 3244 2597 3328 scriptum

303 3351 657 3474 TfioAmN.
695 3442 778 3452 —
818 3403 1213 3471 Gonfusione
1258 3407 1598 3472 verborum
1648 3407 1954 3492 στρατεία
2000 3408 2067 3469 et
2114 3398 2386 3490 στρατιά
2430 3402 2599 3467 nihil

305 3514 629 3579 usitatius.
719 3511 799 3576 In
843 3534 975 3577 una
1019 3512 1155 3576 vita
1198 3510 1467 3598 Pompei
1513 3512 1721 3577 decies
1768 3515 2235 3598 permutantur.

486 3617 782 3685 Luculli
819 3620 934 3684 21:
982 3612 1149 3684 ὥστε
1184 3614 1305 3683 τὸν
1351 3614 1711 3705 Τιγράνην,
1758 3621 1992 3703 καίπερ
2032 3616 2107 3684 ἐν
2146 3614 2449 3703 διαχύσει
2483 3616 2608 3682 τοῦ

303 3724 666 3811 προσώπου
692 3724 802 3791 καὶ
832 3721 1212 3811 μειδιάματι
1239 3723 1681 3815 πεπλασμένῳ
1718 3721 2139 3813 πειρώμενον
2174 3718 2446 3791 ἆκούειν
2471 3723 2608 3790 τῶν

305 3830 561 3917 λόγων,
612 3827 704 3917 μὴ
759 3837 1001 3898 λαθεῖν
1052 3828 1210 3910 τοὺς
1252 3828 1592 3918 παρόντας
1635 3828 2185 3919 ἠλλοιωμένον
2229 3833 2309 3918 τῇ
2355 3853 2609 3917 παρρη-

307 3944 420 4028 σία
472 3940 596 4005 τοῦ
649 3942 1026 4006 νεανίσκου.
1115 3940 1242 4007 Pro
1299 3935 1858 4025 ἠλλοιωμένον
1909 3938 2275 4025 Madvigius
2332 3938 2607 4003 coniecit

305 4041 757 4131 ἠνιωμένου
809 4042 988 4133 (sic),
1051 4046 1222 4132 quod
1281 4045 1436 4132 quid
1493 4033 1619 4111 sibi
1674 4046 1833 4112 velit
1878 4068 1980 4112 me
2042 4068 2176 4111 non
2240 4044 2605 4129 intelligere

304 4153 532 4219 fateor.
611 4146 1106 4238 Ἠλλοιωμένου
1170 4154 1602 4219 rectissimum
1670 4157 1769 4218 est
1834 4156 2029 4238 atque
2073 4154 2331 4237 praeter
2383 4172 2605 4217 neces-

311 4260 574 4327 sitatem
628 4260 1020 4326 emendatur.
1114 4258 1386 4325 Omnem
1439 4260 1915 4325 dubitationem
1962 4259 2187 4324 eximit
2243 4257 2426 4324 Arat.
2490 4260 2606 4325 23:

308 4363 648 4454 (Ἄρατος)
722 4368 816 4444 εἰς
879 4363 1086 4451 μέσον
1145 4366 1448 4453 προῆλθε
1493 4362 2074 4452 τεθωρακισμένος
2138 4363 2249 4431 καὶ
2312 4366 2403 4455 τῷ
2448 4387 2607 4454 προ·

307 4469 507 4564 σώπω
556 4510 639 4519 -
687 4468 1192 4559 ἠλλοιωμένος..
