3200 5175
1517 317 1949 386 ...53-

587 494 664 566 τὸ
713 495 1058 586 μεθύειν),
1103 499 1344 585 inquit,
1391 502 1650 584 μᾶλλον
1684 493 2009 582 ἀφεκτέον
2046 492 2259 564 αὐτοῦ
2286 494 2401 585 (sc.
2428 498 2521 587 τῷ
2558 493 2888 588 ἄρχοντι).

588 607 650 672 A
686 606 976 692 principe
1021 606 1195 672 enim
1240 606 1627 691 voluptates,
1674 606 1907 692 quibus
1946 605 2255 672 mortales
2292 603 2682 692 afficiuntur,
2728 628 2885 673 con-

587 713 791 779 temni
867 716 1164 797 oportere
1239 712 1645 798 opinabatur.
1743 713 2040 797 Aesopus
2106 714 2327 777 tamen
2384 713 2695 800 εἰρωνείᾳ
2756 737 2889 800 qua

588 821 752 886 solet
797 841 943 886 cum
987 820 1058 885 in
1103 817 1440 885 Chilonem
1487 823 1629 886 tum
1672 819 1743 886 in
1787 817 2093 886 Solonem
2138 821 2329 884 utens
2366 818 2727 904 subiungit.
2770 818 2889 886 καὶ

587 921 724 1010 μὴν
767 928 989 1012 Θαλῆς
1033 924 1264 1005 ἔδοξεν
1307 928 1520 992 εἰπεῖν
1565 923 1685 1014 (sc.
1728 921 1855 1011 τὴν
1898 919 2125 1010 ἀληθῆ
2172 926 2413 1012 αἰτίαν,
2460 920 2549 990 δι’
2599 918 2689 1010 ἣν
2722 919 2889 1011 ἀφε·

587 1031 786 1100 κτέον
829 1034 921 1123 τῷ
969 1029 1243 1119 ἄρχοντι
1279 1033 1402 1100 τοῦ
1440 1031 1689 1121 οἴνου);
1736 1055 1841 1100 οτι
1876 1029 2207 1118 τάχιστα
2242 1030 2313 1119 (i.
2348 1053 2401 1099 e.
2440 1026 2525 1100 οὐ
2558 1028 2725 1098 κατὰ
2760 1029 2887 1118 φύ-

587 1137 726 1226 σιν)
774 1135 1070 1226 γηράσει.

770 1261 840 1330 O.
891 1265 975 1330 14
1030 1261 1125 1352 (p.
1175 1265 1297 1331 157
1328 1263 1430 1352 b):
1485 1258 1529 1350 ἢ
1586 1261 1715 1352 γὰρ
1772 1259 1895 1350 οὐχ
1948 1260 2115 1354 ὁρᾷς
2164 1263 2276 1330 καὶ
2338 1260 2497 1344 τοὺς
2548 1262 2887 1351 μικροὺς

585 1368 717 1435 νῦν
774 1367 900 1455 μὲν
957 1373 1053 1448 εἰς
1104 1366 1306 1457 μικρὰ
1369 1372 1616 1456 κομιδῆ
1676 1369 2157 1448 συστέλλοντας
2222 1366 2500 1448 ἑαυτοὺς
2551 1369 2644 1437 κὲ.
2723 1371 2884 1439 Mez.

583 1473 940 1562 πονηρούς.
1031 1478 1241 1563 Wytt.
1296 1475 1583 1563 μωρούς.
1666 1478 2033 1544 Hercherus
2098 1479 2299 1544 etiam
2362 1479 2607 1564 recepit
2666 1501 2885 1545 suum:

585 1580 913 1668 φαύλους,
973 1583 1146 1670 quod
1210 1607 1250 1650 a
1292 1584 1571 1651 lectione
1630 1585 1875 1650 tradita
1927 1585 2217 1669 proxime
2270 1606 2407 1650 non
2462 1589 2581 1650 est.
2659 1584 2883 1650 Possis

586 1690 783 1754 etiam
830 1686 1246 1776 (πε)νιχρούς
1299 1690 1607 1759 conicere.
1686 1689 1931 1757 Noster
1982 1711 2135 1756 vero
2181 1689 2245 1756 h.
2300 1690 2342 1756 l.
2396 1687 2677 1776 μικρούς
2720 1703 2891 1758 usus·

587 1799 689 1860 est
735 1795 960 1861 eodem
1003 1796 1140 1861 fere
1187 1817 1396 1882 sensu,
1443 1818 1570 1882 quo
1620 1818 1815 1882 supra
1860 1796 2024 1862 dixit
2062 1796 2381 1882 φαύλους,
2422 1801 2692 1883 propter
2733 1819 2883 1883 pro-

582 1902 831 1967 ximum
876 1903 971 1979 εἰς
1005 1901 1223 1988 μικρά.
1307 1899 1621 1969 Similiter
1655 1925 1717 1988 p.
1755 1903 1883 1968 337
1914 1904 1957 1969 b
2006 1925 2145 1990 sqq.
2183 1904 2469 1988 saepius;
2512 1907 2583 1968 et
2616 1903 2880 1988 passim.

763 2023 831 2091 O.
877 2027 958 2091 16
1005 2023 1096 2112 (p.
1139 2025 1263 2092 159
1292 2026 1395 2114 b):
1449 2065 1526 2074 —-
1567 2025 1657 2113 μὴ
1697 2026 1809 2094 καὶ
1851 2029 1991 2094 τῶν
2027 2030 2416 2112 Αἰγυπτίων
2452 2021 2883 2113 ἀκριτώτεροι

583 2130 934 2217 φανῶμεν,
994 2135 1067 2198 οἳ
1101 2127 1223 2197 τὸν
1269 2129 1514 2218 νεκρὸν
1569 2129 2008 2220 ἀνατεμόντες
2062 2133 2320 2214 ἔδειξαν
2377 2135 2467 2222 τῷ
2526 2128 2695 2224 ἡλίῳ
2741 2129 2877 2200 εἶτ’

583 2232 781 2304 αὐτὰ
835 2234 958 2324 μὲν
1004 2239 1100 2316 είς
1142 2233 1265 2304 τὸν
1309 2237 1611 2325 ποταμὸν
1655 2241 2057 2326 κατέβαλον,
2110 2241 2233 2308 τοῦ
2286 2235 2351 2306 δ’
2402 2236 2614 2306 ἄλλου
2659 2237 2875 2326 σώμα-

585 2368 700 2422 τος
747 2380 826 2392 —-
877 2343 1314 2430 ἐπιμέλονται.
1383 2345 1733 2432 Wyttenb:
1782 2348 2043 2415 ‘excidit
2087 2348 2346 2433 aliquid.
2428 2345 2759 2432 Xylander
2800 2343 2883 2412 τὰ

589 2451 933 2537 σπλάγχνα
971 2451 1253 2518 adfuisse
1289 2456 1496 2538 putat.
1569 2453 1730 2520 Mez.
1765 2455 1997 2519 inserit
2029 2450 2111 2520 τὰ
2147 2456 2381 2537 ἔντερα
2415 2456 2568 2537 post
2604 2451 2879 2531 ἔδειξαν.

583 2557 780 2623 Forte
833 2560 1096 2624 κοιλίαν
1154 2558 1441 2625 additum
1509 2564 1677 2647 erat,
1732 2564 1806 2627 ut
1857 2583 1919 2647 p.
1964 2561 2096 2627 996
2124 2559 2201 2627 e.'
2238 2553 2247 2562 ’
2292 2559 2599 2627 Fortasse
2658 2563 2879 2627 tamen

585 2701 724 2767 sine
767 2702 1036 2769 lacunae
1084 2702 1289 2787 signis
1338 2703 1533 2769 scrib:
1581 2680 1908 2785 εἶΤΑ[ΤᾸ]
1959 2698 2148 2781 ἐντὸς
2188 2701 2313 2789 μὲν
2360 2701 2467 2786 κὲ,
2522 2704 2695 2790 quod
2742 2705 2878 2792 qui-

587 2808 731 2873 dem
781 2806 1048 2895 propius
1095 2812 1212 2873 est.
1301 2809 1598 2894 Namque
1645 2811 1739 2875 ita
1782 2812 2077 2877 intestina
2122 2810 2499 2898 saepissime
2548 2814 2877 2878 vocantur.

763 2913 966 2980 Paulo
1012 2921 1163 3001 post
1207 2917 1289 2983 ad
1334 2918 1532 2983 verba
1571 2917 1709 2983 τῶν
1742 2915 1892 3003 περὶ
1929 2912 2051 3002 τὴν
2096 2912 2407 3002 τρυφὴν
2452 2912 2876 3002 ἀδικημάτων

587 3019 797 3103 Wytt.
846 3023 1145 3087 annotat:
1195 3021 1384 3089 ‘forte
1429 3018 1711 3108 τροφήν,
1756 3027 1831 3089 ut
1878 3022 1951 3089 G.
1988 3023 2149 3089 Mez.
2194 3010 2435 3089 Reisk?
2482 3025 2548 3089 et
2591 3023 2871 3119 Herche-

582 3148 712 3191 ruS.
784 3126 1104 3211 Equidem
1149 3150 1284 3194 non
1329 3129 1560 3195 accedo
1599 3128 1683 3194 cf.
1727 3150 1903 3195 meas
1945 3130 2015 3195 in
2059 3153 2120 3215 p.
2158 3130 2286 3195 961
2320 3151 2353 3194 e
2400 3131 2875 3197 annotationes

760 3266 830 3334 O.
882 3271 961 3336 17
1012 3273 1170 3335 extr.
1217 3267 1308 3356 (p.
1359 3271 1486 3336 160
1515 3267 1609 3357 e):
1656 3265 1973 3337 “ούκοῦν’
2022 3274 2149 3356 ἔφη
2198 3268 2487 3337 ’λεκτέον
2532 3273 2629 3350 εἰς
2670 3268 2874 3339 ἅπαν-

579 3397 717 3459 τας,
763 3364 816 3441 ὦ
863 3378 1146 3462 Γοργία,
1193 3376 1450 3463 μᾶλλον
1513 3373 1587 3442 δὲ
1642 3372 1927 3444 ἀκτέον
1987 3376 2093 3444 ἐπὶ
2146 3373 2303 3455 τοὺς
2354 3375 2555 3457 νέους
2596 3375 2877 3457 τούτους

582 3482 1046 3568 διθυράμβους
1081 3478 1728 3569 ὑπερφθεγγόμενον
1764 3478 1848 3550 ὃν
1882 3480 2063 3569 ἥκεις
2097 3480 2307 3569 λόγον
2348 3480 2511 3570 ἡμῖν
2544 3486 2873 3571 κομίζων.’

580 3588 791 3654 Locus
811 3589 1032 3654 multis
1054 3590 1439 3657 coniecturis
1456 3593 1769 3657 tentatus.
1801 3591 2215 3658 Duebnerus:
2236 3585 2495 3679 ᾀστέον.
2518 3590 2874 3678 Hauptius:

578 3687 646 3758 δ’
685 3688 926 3781 ᾀστέον
962 3690 1122 3773 τοὺς
1157 3696 1371 3774 νέους.
1442 3696 1809 3784 Madvigius
1844 3696 2184 3785 κρακτέον.
2247 3697 2639 3765 Hercherus:
2686 3697 2873 3787 ἐξαρ-

579 3798 778 3867 κτέον
821 3795 980 3877 τοὺς
1023 3800 1237 3880 νέους.
1318 3802 1376 3867 Ε
1424 3805 1658 3890 quibun
1705 3805 1902 3889 nihil,
1955 3805 2173 3892 cred0‚
2218 3803 2497 3891 Gorgias
2534 3805 2714 3887 fecit,
2762 3808 2874 3873 sed

577 3930 716 3976 rem
779 3908 1114 3993 perspicue
1171 3912 1237 3974 et
1291 3910 1619 3976 evidenter
1684 3913 2010 3978 enarravit
2070 3916 2263 3997 atque
2324 3912 2539 3978 colore
2592 3914 2915 3999 quodam-

579 4015 836 4100 poetico
898 4013 1130 4080 affecit.
1220 4014 1385 4081 Prae
1450 4012 1687 4083 ἀκτέον
1747 4018 1967 4084 omnia
2020 4020 2448 4103 interpretum
2509 4022 2875 4087 tentamina

578 4122 862 4187 maxima
906 4120 1166 4207 frigent.
1249 4120 1623 4189 Sententiae
1678 4124 2200 4210 fundamentum,
2244 4147 2389 4191 meo
2430 4125 2705 4213 judicic,
2749 4126 2875 4194 hoe

580 4231 704 4293 est:
762 4225 1029 4294 λεκτέον
1087 4230 1181 4307 είς
1238 4224 1532 4307 ἅπαντας
1587 4226 1748 4309 τοὺς
1800 4229 1997 4309 νέους
2048 4228 2329 4309 τούτους
2382 4229 2871 4318 διθυράμβους,

577 4334 832 4418 μᾶλλον
877 4328 943 4399 δ’
1004 4330 1300 4413 ἅπαντας
1345 4334 1450 4401 ἐπὶ
1496 4333 1774 4415 τούτους
1822 4332 2089 4422 ἀκτέον,
2146 4339 2273 4425 vel,
2334 4344 2408 4405 ut
2455 4339 2869 4427 Thucydidea

583 4440 909 4507 locutione
956 4444 1128 4526 utar,
1192 4443 1449 4527 μᾶλλον
1503 4439 1568 4509 δ’
1638 4439 1933 4523 ἅπαντας
1984 4440 2232 4523 θεατὰς
2282 4447 2571 4532 ποίησον
2624 4441 2870 4531 αὐτῶν,
