3200 5175
1251 346 1695 411 —47.-

326 523 672 588 cessariam
749 545 891 589 esse
964 544 1098 588 non
1176 523 1385 588 solum
1448 520 1745 587 Platonis
1809 523 1985 588 locus
2050 545 2112 606 p.
2179 523 2307 587 643
2338 542 2399 587 c:
2471 514 2624 587 ἀντὶ

325 625 622 714 ίμάντων
669 632 974 717 σφαίρας
997 623 1083 694 ἄν
1119 625 1632 714 περιεδούμεθα,
1678 650 1719 692 a
1744 627 1949 712 Wytt.
1987 627 2291 693 laudatus
2330 628 2622 693 ostendit

324 736 437 802 sed
497 737 693 802 etiam
752 737 896 820 ipse
949 735 1118 801 Plut.
1181 757 1245 820 p.
1302 733 1435 801 825
1462 756 1523 799 e:
1583 732 2007 819 ἑπισφαίροις
2069 731 2451 820 περιδέουσι
2507 730 2624 812 τὰς

323 853 563 927 χεῖρας.
655 843 1050 928 Hereherus‚
1113 865 1258 908 cum
1324 842 1480 907 alibi
1535 841 1697 907 alias
1761 843 2075 927 pessimas
2141 829 2622 908 em'endationes

323 949 689 1035 recepisset,
734 949 902 1014 hanc
949 949 1374 1015 certissimam
1421 951 1807 1032 aspernatus
1854 953 1971 1014 est.

508 1055 578 1122 G.
627 1056 706 1121 11
756 1054 848 1143 (p.
895 1057 981 1122 82
1009 1057 1105 1142 d):
1170 1050 1321 1140 ἄχρι
1388 1049 1451 1119 δ’
1521 1044 1608 1120 οὗ
1664 1079 1765 1132 τις
1820 1054 2361 1141 ἐπιδεικνύμενος
2406 1056 2624 1142 ρὖον

325 1155 369 1246 ἢ
427 1162 670 1247 κηλῖδα
731 1163 1010 1246 χιτῶνος
1066 1155 1108 1246 ἢ
1171 1157 1538 1249 διερρωγὸς
1581 1156 1899 1248 ὑπόδημα
1944 1165 2415 1243 καλλωπίζεται
2458 1160 2628 1249 πρὸς

321 1266 481 1345 τοὺς
540 1265 725 1346 ἐκτὸς
778 1261 1028 1356 ἀτυφίᾳ
1081 1270 1241 1356 κενῇ
1301 1267 1739 1334 διασκώπτων
1794 1263 2000 1347 αὐτὸς
2061 1265 2329 1337 ἑαυτὸν
2372 1266 2463 1348 ὥς
2524 1295 2624 1356 μι-

320 1370 490 1459 κρὸν
552 1368 594 1460 ἢ
659 1370 748 1452 ὥς
811 1372 1058 1460 κυρτὸν
1125 1382 1334 1442 οἴεται
1389 1373 1894 1461 νεανιεύεσθαι,
1946 1373 2027 1442 τὰ
2076 1371 2161 1448 δ’,
2192 1374 2381 1455 ἐντὸς
2424 1384 2622 1462 αἴσχη

207 1565 212 1568 ¹
319 1481 440 1564 τῆς
476 1481 692 1566 ψυχῆς
717 1477 938 1548 καὶτὰ
963 1480 1113 1566 περὶ
1144 1478 1263 1550 τὸν
1300 1485 1458 1567 βίον
1492 1481 1989 1568 ἐγχρέμματα
2024 1481 2135 1547 καὶ
2172 1479 2485 1567 φθόνους
2513 1481 2626 1549 καὶ

322 1592 727 1673 κακοηθείας
783 1586 895 1654 καὶ
955 1591 1356 1674 φιληδονίας
1399 1585 1624 1675 ὥσπερ
1674 1589 1829 1674 ἕλκη
1889 1588 2336 1674 περιστέλλων
2380 1628 2466 1640 ·——
2515 1585 2627 1656 ού-

327 1694 489 1760 δένα
541 1702 770 1780 θιγεῖν
821 1733 898 1744 -
949 1696 1026 1785 ἐᾷ
1072 1733 1189 1780 --,
1245 1693 1479 1782 ὀλίγον
1535 1692 1717 1788 αὐτῷ
1771 1698 2114 1782 προκοπῆς
2168 1697 2443 1781 μέτεστι.
2534 1695 2627 1762 Ut

332 1803 493 1868 bene
527 1804 840 1887 procedat
876 1805 1105 1889 oratio,
1144 1808 1296 1890 post
1329 1806 1518 1892 κενῇ
1558 1805 1923 1871 addendum
1959 1809 2098 1871 καί
2118 1827 2265 1871 cum
2292 1804 2622 1871 Herchero

331 1909 434 1974 vel
479 1911 698 1994 potius
744 1903 786 1995 ἢ
834 1933 979 1977 cum
1025 1911 1380 1997 Madvigio,
1424 1915 1619 1998 atque
1665 1914 1799 1995 καί,
1846 1912 2017 1999 quod
2063 1911 2430 1977 Hercherus
2477 1915 2627 1997 post

330 2017 733 2101 φιληδονίας
791 2018 1050 2104 adiecit,
1105 2019 1447 2084 delendum
1537 2018 1664 2083 Vel
1708 2019 1805 2084 ita
1848 2021 2071 2085 tamen
2115 2019 2295 2083 locus
2340 2039 2477 2084 non
2524 2039 2623 2083 sa-

323 2127 538 2209 natur,
583 2124 820 2209 quippe
873 2126 985 2210 qui
1037 2124 1216 2214 aliud
1265 2126 1496 2191 vitium
1544 2125 1695 2210 alat,
1743 2126 1915 2210 quod
1967 2125 2383 2191 vehementer
2420 2123 2619 2191 offen-

327 2230 453 2314 dit,
515 2252 750 2316 nempe
804 2232 1190 2297 vocabulum
1247 2235 1617 2316 suspectum
1678 2229 2127 2315 ἑγχρέμματα,
2190 2232 2362 2318 quod
2416 2254 2626 2318 neque

333 2359 620 2423 unquam
667 2339 946 2404 occurrit
988 2360 1198 2424 neque
1245 2337 1597 2423 quidquam
1636 2338 2001 2423 significare
2038 2341 2273 2421 potest.
2348 2336 2624 2422 Stepha-

329 2467 450 2509 nus
488 2446 983 2529 interpretatur:
1020 2446 1494 2511 excreationem
1532 2466 1695 2529 quae
1733 2445 1803 2509 in
1840 2466 2031 2529 quem
2070 2444 2434 2529 conjicitur.
2500 2442 2626 2510 Sed

331 2551 458 2617 loci
521 2555 846 2619 sententia
905 2553 1082 2620 aliud
1140 2552 1430 2639 requirit.
1519 2549 1755 2617 Itidem
1801 2549 2009 2637 Wytt.
2071 2555 2136 2618 et
2180 2551 2429 2617 Reiskii
2488 2572 2625 2617 cor-

330 2660 531 2724 rectio
580 2658 987 2746 ἐγχρίμματα
1031 2660 1197 2725 nihil
1242 2664 1360 2744 est,
1405 2663 1483 2725 ut
1525 2662 1699 2724 recte
1736 2657 2103 2745 Madvigius
2150 2659 2624 2743 animadvertit,

333 2766 516 2831 euius
571 2770 794 2833 tamen
837 2768 1211 2853 conjectura
1255 2764 1738 2852 ἐκστρέμματα,
1794 2767 2207 2846 distortiones,
2244 2766 2455 2833 nihilo
2500 2767 2619 2832 mi-

333 2895 486 2957 nus,
539 2876 615 2939 ut
658 2874 756 2939 ita
802 2874 1028 2958 dicam,
1075 2875 1200 2957 est3
1245 2894 1455 2958 neque
1501 2873 1678 2938 enim
1725 2873 2040 2958 ejusmodi
2085 2875 2471 2940 vocabulum
2521 2897 2624 2939 ex-

333 2982 493 3066 stat,
568 3002 778 3066 neque
849 2982 1198 3067 quidquam
1263 2980 1625 3047 sententiae
1688 2981 2061 3046 consulitur.
2116 3018 2205 3029 ——-
2250 2980 2629 3068 Requiritur

332 3087 736 3173 vocabulum,
783 3089 956 3173 quod
1002 3087 1266 3154 omnino
1311 3087 1711 3173 praegressis
1746 3086 1965 3172 ῥύπον
2001 3081 2045 3173 ἢ
2081 3089 2323 3171 κηλῖδα
2359 3086 2437 3153 κὲ
2480 3110 2627 3155 con·
2702 3142 2705 3147 .

332 3195 554 3261 veniat
611 3198 804 3281 atque
862 3218 994 3261 non
1051 3195 1264 3261 solum
1317 3218 1464 3261 cum
1513 3193 1666 3281 περὶ
1710 3190 1830 3261 τὸν
1876 3196 2031 3278 βίον
2078 3195 2190 3261 sed
2236 3198 2433 3261 etiam
2480 3220 2627 3263 cum

329 3302 646 3386 proximis
701 3308 897 3387 αἴσχη
951 3300 1064 3368 καὶ
1110 3296 1423 3387 φθόνους
1467 3299 1578 3367 καὶ
1628 3308 1908 3385 κακοηθ.
1954 3303 2137 3387 iungi
2184 3306 2250 3367 et
2294 3304 2627 3370 conciliari

327 3430 520 3493 posse
575 3430 610 3473 e
658 3409 992 3475 Plutarchi
1047 3432 1166 3475 usu
1211 3414 1440 3476 notum
1486 3410 1592 3475 sit.
1663 3408 1809 3475 Hoc
1852 3409 2239 3474 vocabulum
2282 3410 2411 3475 loci
2456 3411 2625 3476 inse-

327 3520 600 3600 quentes
665 3518 1012 3603 praebent,
1062 3540 1123 3601 p.
1179 3517 1311 3583 520
1337 3518 1410 3584 b:
1473 3519 1645 3600 βίων
1699 3510 2202 3600 ἀστοχήματα
2254 3514 2367 3581 καὶ
2420 3523 2625 3604 πλημ-

325 3618 666 3708 μελήματα
709 3621 821 3689 καὶ
869 3618 1338 3709 σολοικισμοὺς
1380 3617 1864 3707 ἀναλεγόμενοι
1910 3619 2022 3687 καὶ
2069 3619 2498 3707 συνάγοντες.
2560 3629 2627 3691 et

325 3730 520 3814 paulo
583 3734 764 3814 post:
829 3725 1043 3807 οὕτως
1105 3731 1178 3795 οἱ
1225 3725 1308 3795 τὰ
1359 3727 1511 3815 περὶ
1562 3752 1689 3796 τον
1738 3732 1897 3814 βίον
1952 3723 2461 3816 ἀστοχήματα
2514 3731 2625 3797 καὶ

325 3836 548 3921 γενῶν
603 3842 837 3922 αἴσχη
890 3833 1005 3901 καὶ
1050 3833 1463 3924 διαστροφάς
1505 3860 1693 3914 τινας
1737 3874 1823 3885 —-
1870 3834 1981 3903 καὶ
2024 3842 2470 3922 πλημμελείας
2511 3861 2625 3905 πο-

328 3944 974 4029 λυπραγμονοῦντες.
1061 3943 1283 4010 Etiam
1327 3945 1470 4011 loco
1516 3944 1719 4030 igitur
1761 3950 1987 4010 nostro
2034 3944 2234 4009 scrib:
2280 3940 2361 4010 τὰ
2408 3940 2471 4009 δ’
2522 3945 2624 4011 ἐν·

328 4064 443 4147 τὸς
500 4074 696 4155 αἴσχη
756 4069 873 4153 τῆς
927 4070 1145 4155 ψυχῆς
1187 4067 1300 4134 καὶ
1353 4065 1434 4134 τὰ
1487 4066 1640 4154 περὶ
1693 4063 1816 4136 τὸν
1858 4071 2015 4152 βίον
2055 4045 2626 4137 ἈΕΤΟΧΙ-’ἱΜΑΤΑ

323 4174 437 4241 καὶ
478 4173 791 4261 φθόνους
839 4174 930 4242 κε’.
1011 4175 1401 4243 Huiusmodi
1455 4177 1659 4242 ferme
1712 4176 2033 4261 scriptura
2078 4173 2280 4264 (A)c1·
2287 4177 2626 4244 ΧΙ.ΜΑΤΑ

325 4285 496 4349 male
543 4285 841 4371 suppleta
883 4285 1138 4369 peperit
1182 4285 1269 4350 ΕΓ
1276 4269 1788 4367 ΧΙΡΕΜ]ΜΑΤΑ.
2553 4320 2563 4332 ·

503 4389 629 4458 De'
665 4391 1130 4459 inimicorum
1184 4389 1517 4456 utilitate
1585 4414 1637 4456 c.
1683 4392 1724 4455 6
1778 4390 1993 4456 initio:
2059 4388 2245 4455 τουτὶ
2308 4388 2433 4477 μὲν
2497 4382 2625 4459 οὖν

331 4501 546 4567 ἔνεστι
591 4500 683 4592 τῷ
730 4501 1071 4586 λοιδορεῖν
1113 4494 1236 4567 τὸν
1274 4499 1529 4587 ἐχθρὸν
1577 4494 1943 4584 ὠφέλιμον·
1993 4494 2133 4566 οὐκ
2176 4500 2507 4567 ’ἔλαττον
2554 4494 2619 4565 δ’
