3200 5175
1499 288 1937 352 ..ῃ-

565 466 796 532 Markl.
845 470 911 531 ei:
955 465 1208 533 Duebn.
1254 465 1641 534 coniecturis
1690 468 1756 530 et
1800 486 1946 529 mea
1989 464 2169 530 verbi
2214 458 2463 543 αὑτούς
2505 464 2574 530 in
2622 458 2857 544 αὐτούς

565 574 925 640 ωηίῑαὺὶοηθ
998 573 1197 639 seribt
1262 566 1412 638 ἀλλ’
1493 571 1907 656 οἰνωμένους
1980 570 2388 657 παρακαλεῖν
2460 566 2708 650 αὐτούς
2758 610 2861 657 -,

565 676 805 766 ἄχαριν
852 678 1014 747 ἐπίκ.
1063 678 1259 746 ἐπεισ.
1306 680 1347 745 i.
1393 701 1448 745 e.
1494 672 1643 744 ἀλλ’
1696 673 2165 761 ἐπεισάγουσιν
2219 671 2462 762 ἄχαριν
2510 676 2857 763 ἐπίκωμον,

565 790 680 853 ἵνα
725 787 1072 873 παρακαλῇ
1120 780 1364 864 αὐτοὺς
1411 785 1827 870 οἰνωμένους
1878 784 2171 870 χρῆσθαι
2215 796 2355 862 τοῖς
2398 786 2691 869 παροῦσι
2734 790 2860 853 κτλ.

746 892 816 960 C.
855 895 939 959 27
991 890 1078 981 (p.
1119 894 1244 959 361
1279 892 1342 979 e)
1393 892 1798 959 scribendum
1845 896 2035 976 puto:
2085 890 2155 957 ἐκ
2194 886 2543 977 δαιμόνων
2586 885 2861 977 ἀγαθῶν

568 995 656 1068 δι’
711 995 1000 1085 ἀρετην
1049 999 1196 1089 (pro
1244 994 1507 1086 ἀρετῆς)
1547 1001 1641 1077 εἰς
1685 991 1891 1075 θεοὺς
1936 993 2433 1083 μεταβαλόντες.

746 1106 815 1173 Ο.
855 1108 942 1173 30
979 1105 1068 1191 (p.
1108 1108 1239 1171 362
1258 1102 1321 1190 e)
1358 1105 1574 1171 initio:
1624 1100 1660 1170 ὁ
1698 1101 1822 1190 μὲν
1858 1101 1989 1190 γὰρ
2020 1099 2273 1189 Ὄσιρις
2307 1103 2418 1170 καὶ
2454 1100 2497 1190 ἡ
2532 1095 2693 1183 Ἰσις
2730 1107 2865 1172 δαι-

567 1210 803 1299 μόνων
838 1206 1125 1297 ἀγαθῶν
1153 1214 1249 1290 εἰς
1283 1208 1490 1291 θεοὺς
1526 1208 1957 1298 μετήλλαξαν.
2029 1210 2239 1277 Immo
2270 1212 2675 1279 scribendum
2702 1236 2866 1279 esse:

569 1354 680 1421 καὶ
738 1350 779 1441 ἡ
823 1344 990 1424 ἸΕΙΕ
1041 1324 1200 1443 [ἑΙΕ]
1254 1351 1600 1439 δαιμόνων
1654 1355 1695 1419 i.
1742 1377 1795 1419 e.
1855 1351 1967 1418 καὶ
2011 1348 2053 1439 ἡ
2101 1342 2265 1432 Ἶσις
2324 1353 2397 1419 ἐκ
2452 1353 2512 1419 δ.
2566 1355 2755 1421 docet
2806 1359 2869 1420 et

575 1464 716 1549 ipsa
764 1463 1086 1529 sententia
1133 1466 1199 1527 et
1242 1463 1423 1528 loeus
1472 1462 1703 1528 similis
1753 1484 1805 1527 e.
1852 1462 1936 1525 27
1987 1461 2176 1527 modo
2223 1461 2539 1543 laudatus.

751 1568 821 1637 C.
859 1572 948 1635 34
985 1574 1152 1635 extr:
1192 1564 1365 1635 οὕτω
1413 1564 1542 1654 γὰρ
1583 1564 1929 1653 ὀνομάζων
1973 1570 2263 1633 διατελεῖ
2299 1562 2423 1633 τὸν
2465 1562 2636 1633 θεὸν
2666 1562 2867 1652 (Ὅσι-

574 1673 716 1763 ριν)
775 1674 1046 1752 εἰκότως
1098 1668 1231 1740 άπὸ
1293 1674 1410 1759 τῆς
1473 1670 1783 1758 φύσεως
1846 1671 1977 1739 καὶ
2042 1668 2439 1758 εὑρέσεως.
2530 1673 2635 1741 Ita
2690 1676 2869 1741 codd.

573 1786 840 1867 exeepizo
879 1780 951 1846 G
991 1782 1102 1867 qui
1153 1782 1290 1847 daia:
1340 1778 1627 1865 ἐφέσεως
1673 1778 1785 1845 καὶ
1830 1782 1947 1865 τῆς
1984 1772 2332 1893 εῦρήσεως.
2404 1779 2699 1847 Conioio.
2745 1776 2868 1848 ἀπὸ

572 1925 688 2009 τῆς
723 1920 971 2001 ῦσεως
1005 1920 1117 1988 καὶ
1151 1918 1406 2007 ῥύσεως
1434 1920 1563 2010 (vel
1602 1920 1979 2011 ἐκρύσεως),
2019 1946 2182 2011 quae
2220 1925 2290 1989 in
2322 1923 2601 1989 nominis
2630 1926 2865 1989 Υσι-

580 2055 684 2115 ρις
731 2030 1194 2117 etymologiam
1240 2030 1470 2095 melius
1517 2031 1908 2097 conveniunt
1952 2030 2031 2096 ef.
2078 2053 2129 2096 e.
2176 2032 2279 2097 36.

759 2153 830 2221 G.
876 2154 966 2220 35
1010 2153 1228 2221 initio:
1283 2177 1387 2219 οτι
1441 2150 1565 2238 μὲν
1622 2142 1750 2220 οὖν
1797 2149 1833 2219 ὁ
1882 2150 2081 2232 αὐτός
2135 2152 2272 2220 ἐστι
2319 2150 2669 2242 Διονύσῳ,
2723 2157 2873 2221 τίνα

576 2264 832 2347 μᾶλλον
877 2254 922 2346 ἢ
967 2257 1043 2327 σὲ
1083 2256 1462 2344 γινώσκειν,
1507 2249 1560 2326 ὦ
1612 2260 1828 2344 Κλέα,
1875 2257 1967 2345 δὴ
2014 2256 2420 2349 προσῆκόν
2467 2259 2649 2327 ἐστι.
2722 2260 2871 2327 Par-

579 2370 815 2435 ticulae
863 2364 956 2452 δή
1005 2368 1222 2433 nullus
1277 2369 1458 2433 loeus
1503 2367 1613 2433 hie
1662 2371 1788 2451 θείη
1842 2368 2121 2433 fortasse
2179 2369 2306 2432 δεῖ
2355 2367 2768 2433 scribendum
2813 2372 2875 2432 eia

577 2471 920 2563 προσηκόν
953 2474 1095 2540 ἐστι
1125 2478 1200 2539 ut
1230 2475 1550 2541 emblema
1587 2474 2071 2559 eliminandum,
2108 2475 2295 2559 quod,
2332 2478 2680 2560 postquam
2719 2475 2873 2539 illud

578 2584 648 2648 in
695 2578 779 2668 δή
828 2582 1008 2666 abiit,
1051 2582 1326 2667 irrepsit.

760 2706 830 2774 G.
859 2709 947 2773 42
976 2711 1142 2772 θκΐῑτ.
1171 2702 1206 2773 ὁ
1245 2703 1376 2794 γὰρ
1401 2703 1657 2794 Ὄσιρις
1692 2701 2135 2792 ἀγαθοποιός·
2182 2705 2294 2774 καὶ
2326 2703 2629 2792 τοῦνομα
2664 2705 2875 2774 πολλὰ

579 2812 836 2902 φράζει,
884 2809 1006 2900 οὐχ
1051 2808 1287 2899 ἥκιστα
1329 2811 1403 2880 δὲ
1429 2811 1673 2900 κράτος
1708 2813 2029 2899 ἐνεργοῦν
2057 2809 2480 2898 ἀγαθοποιὸν
2524 2808 2559 2880 ὃ
2590 2813 2876 2900 λέγουσι.

583 2923 802 3008 Wytt:
857 2921 1049 2988 ‘forte
1119 2917 1511 3007 εὐεργετοῦν
1572 2959 1647 2968 -
1710 2916 1801 3000 ὡς
1854 2921 2142 3005 λέγουσι.
2238 2921 2427 2988 Prius
2490 2920 2876 2990 Marklando

580 3026 952 3113 placuerat?
1025 3026 1420 3113 Madvigius:
1458 3028 1735 3111 φράζειν
1764 3065 1848 3076 —-
1888 3022 2315 3111 ἀγαθοποιὸν
2350 3027 2639 3112 λέγουσι.
2716 3029 2876 3095 Sori-

581 3134 864 3199 bendum
908 3137 1093 3218 puto:
1141 3136 1406 3218 φράζει,
1463 3129 1586 3220 οὐχ
1642 3129 1878 3219 ἥκιστα
1934 3131 2008 3199 δὲ
2054 3157 2153 3220 κρ.
2202 3133 2523 3220 ἐνεργοῦν
2565 3134 2678 3201 καὶ
2726 3131 2876 3219 ἀγα-

582 3235 878 3306 θοποιὸν
918 3244 975 3305 0
1011 3237 1302 3325 λέγουσι,
1339 3241 1380 3304 i.
1417 3263 1470 3306 e.
1509 3242 1853 3330 praecipue
1891 3242 2023 3306 vim
2064 3241 2389 3307 efficacem
2426 3245 2492 3306 eia
2526 3242 2879 3310 beneficam

584 3370 741 3415 voce
789 3347 842 3415 O
889 3348 1262 3434 designant,
1309 3346 1362 3414 O
1410 3348 1647 3414 dieunt.
1739 3347 1834 3414 Cf.
1895 3349 2167 3413 alteram
2222 3347 2507 3414 nominis
2562 3351 2879 3434 etymolo-

586 3441 762 3541 giam
798 3452 870 3520 iu
907 3477 957 3522 e.
1003 3457 1110 3520 10:
1158 3456 1279 3521 τοῦ
1309 3451 1434 3541 μὲν
1472 3459 1598 3520 ΟΣ
1633 3451 1697 3522 τί
1750 3450 1923 3522 πολὺ
1961 3491 2037 3502 --
2071 3450 2457 3539 φράζοντος.
2529 3455 2656 3521 Pro
2706 3455 2880 3542 ἐνερ-

585 3562 758 3644 γοῦν
804 3561 1081 3628 fortasse
1129 3564 1316 3629 scrib.
1363 3557 1665 3649 εὐεργόν,
1710 3563 2082 3650 benignam.

764 3665 831 3732 O.
867 3669 952 3734 47
1003 3691 1051 3732 ε.
1099 3669 1149 3734 f:
1195 3665 1589 3755 Θεόπομπος
1646 3668 1726 3736 δέ
1775 3686 1942 3754 φησι
1998 3666 2164 3734 κατὰ
2220 3664 2381 3746 τοὺς
2430 3665 2687 3753 μάγους
2750 3662 2881 3736 ἀνὰ

441 3844 461 3875 x
585 3773 786 3860 μέρος
830 3776 1161 3860 τρισχίλια
1207 3777 1318 3859 ἔτη
1363 3770 1485 3841 τὸν
1531 3771 1656 3859 μὲν
1701 3786 1990 3860 κρατεῖν,
2035 3771 2157 3841 τὸν
2202 3772 2277 3840 δὲ
2312 3782 2703 3863 κρατεῖσθαι
2748 3777 2882 3842 τῶν

473 3909 504 3965 ‘x
587 3881 792 3965 θεων,
829 3876 998 3947 ἄλλα
1046 3878 1119 3946 δὲ
1157 3885 1486 3966 τρισχίλια
1531 3877 1866 3966 μάχεσθαι
1902 3879 2014 3946 καὶ
2058 3886 2373 3966 πολεμειν
2416 3880 2527 3948 καὶ
2562 3877 2883 3950 ἀναλύειν

587 3985 666 4054 τὰ
692 3989 815 4055 τοῦ
845 3986 1076 4072 ἑτέρου
1103 3983 1226 4053 τὸν
1255 3985 1509 4072 ἕτερον·
1547 3986 1735 4064 τέλος
1772 3981 1835 4051 δ’
1869 3982 2444 4054 ἀπολείπεσθαι
2472 3985 2594 4055 τὸν
2620 3985 2883 4075 Ἅιδην,

572 4094 699 4172 ml
744 4091 904 4172 τοὺς
947 4091 1072 4179 μὲν
1117 4087 1523 4178 ἀνθρώπους
1560 4088 1965 4179 εὐδαίμονας
2010 4095 2285 4164 ἔσεσθαι
2318 4101 2453 4162 κτλ.
2535 4097 2806 4164 Facile
2786 4121 2883 4164 m-

586 4203 947 4288 tellegitur,
1003 4202 1278 4266 alterum
1323 4200 1586 4266 deorum
1634 4201 1805 4266 ini-‚er
1852 4223 1919 4266 se
1963 4204 2421 4289 pugnantium,
2466 4203 2711 4270 bonum
2766 4205 2884 4271 sei

589 4314 769 4395 lieet,
813 4309 1122 4376 victorem
1169 4329 1502 4374 remanere
1557 4306 1716 4395 (non
1763 4308 2109 4376 Plutonem
2164 4312 2433 4395 deficere,
2478 4310 2558 4375 de
2604 4333 2733 4397 quo
2777 4311 2884 4378 hie

593 4442 724 4488 non
793 4412 1063 4503 agitur),
1129 4415 1329 4480 altero
1386 4415 1739 4500 debellate,
1798 4415 2018 4502 itaque
2078 4417 2374 4484 homines
2433 4417 2663 4482 beatos
2727 4418 2883 4484 fieri.
