3200 5175
1223 347 1659 410 „73—

293 523 719 590 Scribendum
765 524 995 610 igitur:
1043 521 1230 600 τέλος
1275 517 1340 588 δ’
1400 517 1879 590 ἀπολείπεσθαι
1937 519 2056 589 τὸν
2114 517 2589 611 [Ὠρομ]άσὸην

292 632 396 697 vel
441 626 568 696 τὸν
614 624 1016 717 Ὡρομάζηνς
1073 633 1350 715 utroque
1405 631 1578 695 enim
1626 631 1817 697 modo
1875 652 2113 714 nomen
2158 630 2465 696 scribitur
2508 629 2587 696 cf.

290 761 350 822 p.
413 737 586 802 1026
614 738 688 803 b:
749 730 1194 821 Ὠρομάσδην.
1275 760 1337 822 p.
1403 737 1534 804 780
1563 737 1636 803 d·:
1691 721 2198 822 μὲσορομάσὸης
2244 767 2329 792 =
2385 735 2589 821 μέγας

273 837 703 930 Ὠρομάσδης
797 841 912 930 (V.
1004 845 1229 909 Artax.
1303 841 1446 931 29).
1546 845 1790 910 Anton.
1865 845 1977 910 39:
2070 839 2587 929 Ἀρταουάσδηςι

286 948 686 1038 Ἀρταβάζης
730 948 976 1039 (App).
1053 974 1116 1035 p.
1153 951 1285 1017 503
1314 952 1362 1036 f,
1406 952 1520 1018 ubi
1558 952 1671 1017 alii
1718 952 1908 1018 codd:
1967 947 2059 1030 ὡς
2105 946 2213 1038 δή,
2263 950 2378 1015 alii
2423 944 2583 1039 ᾠδή.

289 1058 388 1124 De
465 1059 662 1124 verbo
728 1051 1210 1123 ἀπολείπεσθαι
1271 1057 1349 1124 cf.
1415 1081 1476 1144 p.
1527 1060 1608 1124 77
1642 1058 1699 1124 d.
1764 1081 1825 1142 p.
1872 1059 1957 1125 98
1987 1059 2046 1124 d.
2110 1058 2243 1124 964
2271 1081 2327 1123 a.
2382 1056 2514 1122 954
2541 1058 2586 1121 f.

293 1166 466 1230 1067
497 1187 553 1230 a..
627 1164 725 1231 De
775 1165 1096 1249 scriptura
1129 1165 1414 1230 nominis
1452 1164 1529 1230 cf.
1573 1187 1636 1249 p.
1684 1165 1818 1231 480
1846 1187 1902 1251 e,
1947 1165 2061 1230 ubi
2104 1186 2225 1249 pro
2263 1165 2593 1237 codicumt,

289 1270 569 1357 Ξέρξης,
635 1272 790 1338 olim
863 1273 1236 1337 restitutum
1310 1275 1410 1336 est
1475 1265 1915 1358 Ἀρταξέρξης.
2007 1271 2076 1336 Ρ.
2133 1272 2260 1338 661
2291 1273 2335 1336 f.
2396 1271 2585 1337 codd:

287 1410 506 1498 πύλης
549 1437 666 1500 pro
722 1386 1102 1497 Ῠψι]πύλης
1158 1417 1225 1479 et
1277 1436 1454 1479 meas
1519 1415 1590 1479 in
1643 1437 1705 1498 p.
1768 1414 1895 1480 155
1922 1415 1955 1479 f
2003 1417 2221 1482 annot.
2272 1450 2352 1460 --
2402 1413 2587 1490 Quod

287 1519 716 1587 Marklandus
782 1519 1058 1585 coniecit
1111 1513 1512 1586 ἀπολεῖσθαι
1576 1523 1643 1586 et
1698 1543 1737 1586 a
1791 1520 2006 1605 Wytt.
2068 1522 2586 1587 commendatum

285 1628 679 1694 Duebnerus
725 1628 967 1712 recepit
1013 1627 1373 1712 speciosum
1421 1629 1538 1712 est,
1585 1626 1697 1692 sed
1742 1630 1963 1692 tamen
2005 1626 2177 1691 haud
2224 1647 2477 1709 verum3
2524 1632 2590 1692 et

285 1758 442 1801 sane
504 1756 712 1821 neque
767 1735 876 1800 ille
931 1735 1313 1802 correxisset
1369 1755 1575 1818 neque
1631 1732 1739 1799 hic
1798 1735 2173 1818 recepisset,
2237 1734 2293 1798 si
2350 1755 2589 1800 nomen

287 1841 628 1907 Oromazis
667 1843 916 1907 salvum
965 1844 1197 1925 staret3
1242 1845 1527 1906 ceterum
1571 1839 1922 1905 verisimile
1960 1861 2093 1905 non
2132 1845 2247 1924 est,
2283 1844 2357 1905 ut
2394 1841 2587 1905 libra-

285 1949 419 2013 rius
471 1947 740 2013 verbum
787 1941 1187 2013 ἀπολεῖσθαι
1224 1947 1306 2013 ad
1342 1946 1852 2033 intellegendum
1890 1946 2269 2035 faciliimum
2314 1947 2384 2011 in
2429 1942 2588 2012 ἄπο-

287 2057 642 2120 λείπεσθαι
682 2055 767 2156 de
815 2077 930 2120 suo
977 2055 1342 2121 mutaverit.

469 2177 542 2244 C.
581 2179 667 2246 48
707 2175 800 2268 (p.
846 2179 978 2244 370
1007 2177 1096 2265 e):
1143 2173 1335 2244 ὥστε
1371 2174 1667 2255 ταύτας
1714 2171 1919 2264 ἀρχὰς
1964 2176 2284 2262 γενέσεως
2326 2163 2589 2243 ὑποκει-

287 2285 512 2370 μένας.
594 2285 798 2372 Wytt.
855 2285 1155 2352 coniecit:
1213 2279 1302 2362 ὥς
1360 2283 1683 2362 ἐναντίας.
1766 2283 2042 2370 Propius
2100 2289 2199 2350 est
2254 2288 2321 2349 et
2372 2284 2586 2350 verius

290 2394 548 2478 opinor:
594 2386 694 2471 ὥς
737 2387 1096 2469 τοιαύτας.

467 2517 542 2584 G.
588 2519 674 2587 52
721 2515 812 2605 (p.
859 2519 989 2584 372
1020 2516 1111 2605 c):
1157 2516 1269 2583 καὶ
1307 2523 1607 2584 καλεῖται
1657 2512 1917 2605 ζήτησις
1954 2513 2281 2604 Ὀσίριδος
2324 2510 2365 2603 ἡ
2413 2537 2588 2603 περι-

291 2624 510 2713 δρομή
585 2625 800 2713 (bovis
866 2627 1108 2692 circum
1173 2628 1489 2712 templum
1564 2624 2020 2714 circumlatio),
2074 2625 2196 2691 τοῦ
2241 2619 2440 2709 ἡλίου
2502 2620 2586 2689 τὸ

291 2729 506 2819 ὕδωρ
553 2733 880 2820 χειμῶνος
922 2733 1038 2817 τῆς
1073 2734 1246 2799 θεοῦ
1289 2730 1657 2818 ποθούσης.
1730 2733 1834 2798 Ita
1868 2732 2233 2819 Madvigius
2281 2734 2451 2798 recte
2496 2732 2590 2796 in-

291 2842 640 2927 terpunxit,
667 2841 781 2908 sed
807 2862 1149 2925 perperam
1187 2841 1465 2907 correxit
1500 2841 1624 2907 τοῦ
1660 2835 1857 2925 ἡλίου
1892 2835 1967 2905 τὸ
1992 2840 2157 2923 φῶς.
2206 2837 2369 2904 ‘Lux
2398 2838 2589 2922 enim,

297 2948 600 3015 observat
657 2946 1157 3033 Herwerdenus,
1227 2947 1437 3013 hieme
1505 2969 1638 3013 non
1711 2946 2135 3026 desideratur,
2200 2946 2311 3010 sed
2372 2944 2589 3011 calor?

294 3054 625 3121 Herwerd.
663 3054 815 3138 πῦρ
853 3052 1150 3139 correxit,
1186 3055 1390 3137 iynem
1417 3054 1552 3119 scil.
1586 3054 1829 3119 latinae
1866 3052 2421 3137 interpretationis
2450 3051 2587 3117 red-

295 3162 468 3229 dens.
542 3161 712 3238 Quid
755 3162 1119 3247 requiratur
1156 3162 1346 3227 facile
1385 3162 1472 3241 ad
1513 3162 2022 3248 intellegendum
2060 3163 2177 3244 est,
2222 3158 2335 3223 sed
2371 3162 2589 3223 tamen

296 3269 618 3353 quomodo
680 3268 786 3335 hic
849 3262 1065 3354 ὕδωρ
1129 3291 1247 3352 pro
1311 3269 1446 3355 πῦρ
1510 3269 1875 3353 irrepserit,
1944 3289 2079 3335 non
2141 3266 2331 3331 facile
2396 3264 2589 3331 dicas.

296 3409 621 3496 Scriptum
667 3412 809 3475 erat
852 3384 1074 3497 Aoe1'5,
1121 3412 1296 3496 quod
1359 3411 1663 3476 librarius
1672 3460 1689 3494 ,
1745 3413 2091 3495 postquam
2140 3408 2331 3493 signa
2375 3428 2586 3491 super-

297 3518 512 3602 posita
554 3520 969 3602 evanuerunt,
1013 3517 1203 3583 facile
1249 3516 1510 3582 refinxit
1553 3517 1625 3581 in
1664 3512 2030 3602 (Ὕ)ΔωΡ,
2077 3536 2223 3580 cum
2269 3512 2588 3598 oportuis-

299 3628 394 3690 set
439 3624 701 3709 δῶρον
750 3624 826 3690 cf.
872 3647 934 3709 p.
981 3625 1110 3690 379
1140 3647 1197 3690 a.
1246 3624 1374 3689 735
1403 3644 1456 3687 e.

472 3729 541 3796 O.
579 3730 663 3795 58
706 3728 794 3818 (p.
831 3731 963 3797 375
993 3730 1086 3817 a):
1133 3725 1276 3796 ἀλλ’
1327 3724 1548 3815 ὥσπερ
1587 3724 1806 3815 ἄνδρα
1841 3724 2133 3814 νόμιμον
2171 3726 2281 3793 καὶ
2324 3728 2589 3793 δίκαιον

301 3832 456 3920 ἐρᾶν
503 3835 580 3901 ἐν
626 3833 1022 3923 δικαιοσύνῃ
1067 3835 1178 3903 καὶ
1223 3847 1507 3922 γυναῖκα
1552 3831 1845 3922 χρηστὴν
1892 3838 2180 3920 ἔχουσαν
2226 3830 2443 3919 ἄνδρα
2480 3831 2591 3898 καὶ

301 3938 642 4010 συνοῦσαν
695 3939 877 4029 ὅμως
919 3950 1164 4010 ποθεῖν
1209 3942 1521 4029 λέγομεν,
1575 3938 1788 4020 οὕτως
1832 3936 1934 4009 ἀεὶ
1981 3939 2382 4027 γλιχομένην
2430 3938 2591 4005 ἐκεί-

301 4070 454 4133 νου,
515 4047 628 4115 καὶ
679 4048 842 4136 περὶ
909 4049 1167 4117 ἐκεῖνον
1231 4051 1578 4136 παροῦσαν
1644 4047 1755 4115 καὶ
1810 4043 2409 4133 ἀναπιμπλαμένην
2453 4057 2594 4124 τοῖς

302 4152 726 4241 κυριωτάτοις
787 4157 1055 4242 μέρεσιν
1120 4154 1230 4223 καὶ
1293 4152 1812 4241 καθαρωτάτοις.
1911 4152 2155 4219 Locum
2208 4154 2589 4239 impeditum

303 4262 542 4343 primus
592 4262 957 4350 Madvigius
1027 4264 1348 4348 expedivit
1402 4266 1468 4328 et
1520 4263 1689 4328 bene
1742 4260 2045 4346 correxit,
2110 4261 2238 4325 nisi
2300 4260 2469 4347 quod
2515 4258 2591 4327 ἐν

307 4366 695 4456 δικαιοσύνῃ
761 4391 896 4435 non
958 4370 1122 4435 bene
1185 4370 1254 4436 in
1320 4364 1755 4452 δικαιοσύνης
1807 4367 2116 4452 mutavit,
2180 4389 2299 4452 pro
2356 4369 2588 4454 quibus

306 4469 506 4560 Wytt.
571 4476 846 4543 coniecit
904 4470 1223 4559 γυναικὸς
1275 4465 1318 4563 ᾖ
1382 4476 1574 4562 συζῇ,
1638 4472 1977 4541 Herwerd:
2035 4468 2352 4558 γυναικὸς
2405 4464 2447 4563 ᾖ
2502 4468 2588 4541 ἄν
