3200 5175
1335 303 1820 368 —110—

605 521 688 532 —
735 481 861 568 VI,
907 481 950 547 3
1003 479 1096 568 (p.
1147 482 1274 547 708
1303 479 1396 567 e):
1457 476 1737 564 οὕτως,
1798 482 2033 565 ἔφην,
2094 473 2131 546 6
2190 476 2459 566 λόγος,
2516 480 2729 566 τριῶν

427 585 717 671 ὄντων,
763 584 800 655 6
849 585 974 673 μὲν
1018 589 1244 654 καλῶν
1289 585 1528 674 μόνον,
1575 582 1613 654 6
1664 584 1739 654 δὲ
1784 583 2220 673 καλούμενος,
2268 583 2305 653 6
2354 585 2430 654 δὲ
2463 587 2575 653 καὶ
2610 612 2731 653 κα-

427 697 564 778 λῶν
619 694 732 761 καὶ
774 691 1188 780 καλούμενός
1233 694 1434 761 ἐστιν.
1497 701 1756 780 εἴρηται
1801 691 1925 779 μὲν
1970 692 2121 777 περὶ
2166 695 2291 761 τοῦ
2337 696 2729 778 καλοῦντος,

427 800 512 869 οὐ
567 815 795 890 χεῖρον
849 797 912 866 δ’
975 801 1113 868 ἐστὶ
1167 801 1278 868 καὶ
1323 801 1474 889 περὶ
1517 803 1655 868 τῶν
1699 797 1927 867 ἄλλων
1976 837 2054 850 -
2104 803 2423 868 διελθεῖν.
2513 801 2727 887 wytt.

425 931 570 975 eum
616 908 777 974 Mez.
833 910 1134 974 coniecit:
1191 904 1404 985 οὕτως
1447 903 1611 993 ἡμῖν
1658 903 2005 991 ἀναλόγως
2049 905 2141 972 κέ.
2230 908 2558 974 Reiskius:
2617 904 2729 974 ὅν-

425 1039 585 1097 των,
629 1003 728 1080 ὧν
775 1009 812 1080 6
861 1011 986 1098 μὲν
1019 1015 1244 1080 καλῶν
1281 1010 1496 1098 μόνον
1537 1012 1630 1080 κε’.
1692 1013 2088 1100 Madvigius:
2135 1011 2369 1098 οὕτως,
2416 1009 2508 1093 ὥς
2542 1017 2729 1098 ἔφη·

427 1145 564 1187 νεν
612 1116 649 1186 6
696 1118 918 1206 λόγος,
963 1121 1168 1206 τριῶν
1207 1117 1450 1204 ὄντων,
1496 1109 1594 1187 ὧν
1633 1116 1669 1186 6
1709 1117 1833 1205 μὲν
1866 1126 2002 1186 κτλ.
2064 1121 2313 1186 Reiskii
2350 1123 2727 1188 coniectura.

429 1227 692 1312 sufficit,
735 1229 1084 1294 dummodo
1131 1229 1339 1294 oratio
1377 1229 1446 1292 in
1481 1228 1655 1293 hunc
1694 1227 1959 1293 modum
1997 1227 2465 1314 distinguatur:
2512 1223 2730 1305 οὕτως

433 1337 628 1419 ἔφην,
674 1329 709 1400 6
757 1331 976 1418 λόγος,
1024 1370 1108 1383 -·—
1154 1335 1360 1416 τριῶν
1407 1330 1675 1418 ὄντων,
1721 1323 1828 1400 ὧν
1876 1329 1913 1399 6
1962 1330 2087 1418 μὲν
2128 1335 2357 1400 καλῶν
2400 1331 2639 1419 μόνον,
2686 1330 2727 1400 ὁ

431 1437 507 1507 δὲ
549 1438 996 1527 καλούμενος,
1050 1436 1088 1508 6
1137 1438 1214 1506 δὲ
1255 1465 1312 1506 κ.
1357 1447 1498 1507 καλ.
1545 1439 1659 1506 καὶ
1710 1446 1853 1507 καλ.
1909 1439 2091 1507 ἐστιν
2133 1479 2246 1524 --,
2292 1447 2551 1527 εἴρηται
2604 1439 2734 1526 μὲν

425 1546 574 1633 περὶ
635 1550 760 1614 τοῦ
821 1549 1191 1626 καλοῦντος
1252 1546 1374 1631 acet,
1439 1549 1543 1614 vel
1616 1549 1831 1614 verbis
1892 1548 2135 1634 τριῶν
2198 1544 2457 1614 ὄντων
2504 1585 2587 1596 -
2636 1585 2729 1595 --

429 1653 646 1720 ἐστιν
689 1658 762 1721 in
805 1655 1179 1740 parenthesi
1222 1656 1476 1740 positis.

604 1762 684 1828 In
737 1763 963 1828 eodem
1019 1785 1156 1847 cap.
1203 1786 1265 1848 p.
1316 1762 1444 1828 709
1473 1784 1534 1826 e:
1600 1759 1740 1826 ἐπεὶ
1793 1758 1953 1838 τούς
1996 1783 2073 1845 γε
2115 1758 2539 1848 μοχθηρούς,
2592 1757 2734 1850 ὅσῳ

431 1871 688 1954 μᾶλλον
747 1865 1312 1953 ἐπιλαμβάνονται
1368 1866 1482 1933 καὶ
1541 1866 2063 1953 συμπλέκονται,
2122 1869 2426 1954 καθάπερ
2480 1864 2755 1952 βάτους

427 1975 541 2041 καὶ
579 1971 947 2062 ἀναιρεῖν
983 1970 1394 2058 ὑπερβατέον
1435 1972 1590 2041 ἐστί.
1654 1973 1959 2040 Reiskius
1998 1975 2295 2040 coniecit:
2336 1969 2732 2061 ἀναιρετέον

431 2086 545 2148 aut
588 2080 835 2166 βάτους
872 2079 984 2147 καὶ
1021 2076 1327 2158 ἀκάνθας
1359 2075 1771 2167 ἀναιρετέον.
1833 2081 1995 2146 Loci
2030 2082 2392 2148 laborantis
2428 2083 2733 2147 morbum

433 2191 665 2255 melius
702 2189 1070 2275 Madvigius
1116 2190 1462 2274 perspexit,
1507 2189 1621 2254 sed
1668 2211 1899 2253 sanare
1938 2211 2073 2254 non
2108 2189 2351 2274 potuit3
2400 2211 2519 2254 sua
2556 2189 2733 2253 enim

431 2296 824 2394 eoqieetura:
878 2293 990 2360 καὶ
1035 2290 1398 2380 ἀνθέρικας
1441 2290 1857 2381 ὑπερβατέον
1902 2293 2061 2377 ἐστί,
2108 2318 2306 2380 quam
2352 2296 2734 2360 dubitantur

433 2403 641 2487 dedit,
713 2425 866 2468 vera
930 2425 1066 2468 non
1127 2406 1242 2468 est.
1341 2402 1488 2487 Ego
1551 2404 1767 2468 locum
1839 2402 2186 2487 gemellum
2260 2403 2498 2486 reperi,
2560 2402 2733 2466 unde

431 2532 584 2576 vera
641 2509 834 2575 lectio
881 2512 1056 2574 certo
1103 2509 1373 2574 elicitur.
1463 2509 1620 2596 Pag.
1666 2509 1756 2574 94
1782 2530 1817 2573 e
1862 2510 2168 2595 leguntur
2210 2509 2400 2577 haec:
2444 2506 2557 2573 καὶ
2600 2504 2730 2593 γὰρ

433 2612 833 2702 ἀπαρίνην
877 2614 988 2682 καὶ
1035 2612 1244 2699 βάτον
1291 2615 1918 2701 ἐπιλαμβανομένην
1964 2611 2373 2702 ὑπερβάντες
2414 2614 2527 2681 καὶ
2576 2618 2727 2681 διω-

433 2719 716 2809 σάμενοι
759 2722 1118 2807 βαδίζομεν
1167 2720 1272 2787 ἐπὶ
1317 2718 1441 2807 τὴν
1487 2721 1719 2788 ἐλαίαν
1762 2720 1875 2788 καὶ
1918 2719 2045 2807 τὴν
2094 2718 2415 2807 ἄμπελον,
2460 2723 2573 2789 ubi
2610 2746 2727 2807 pro

432 2826 800 2913 ἀπαρίνην,
847 2830 1020 2913 quod
1067 2828 1265 2893 Turn.
1313 2833 1380 2895 et
1423 2828 1613 2895 Vule.
1657 2830 1842 2913 dant,
1898 2830 2115 2915 ceteri
2140 2830 2329 2895 codd:
2393 2829 2729 2915 ἐρείκην.

431 2935 510 3000 In
547 2935 692 3001 Ald.
729 2934 878 3000 Bas,
926 2937 994 2998 et
1027 2935 1210 2999 Rost.
1257 2935 1625 3020 legebatur:
1674 2933 1925 3020 ἑρίνην.
1988 2935 2210 3001 Etiam
2255 2941 2481 3002 nosssro
2528 2938 2731 3023 igitur

431 3043 575 3107 loeo
625 3041 1061 3107 scribendum:
1107 3037 1414 3127 καθάπερ
1457 3038 1707 3125 βάτους
1740 3040 1851 3107 καὶ
1888 3035 2282 3125 ἀπαρίνας
2316 3038 2730 3129 ὑπερβατέον

430 3148 587 3214 ἐστί.
654 3148 695 3212 i.
741 3168 796 3211 e.
843 3150 910 3212 ΑΙ
935 3148 1353 3232 .Α]ΡΕΙΝΑ(,
1397 3148 1568 3231 quod
1614 3148 1920 3214 librarius
1967 3150 2036 3214 in
2080 3144 2388 3236 ἀναιρεῖν
2426 3148 2597 3237 (κ)αὶ
2632 3172 2729 3215 re—

431 3255 634 3320 finxit.
697 3253 920 3319 Possis
966 3257 1186 3319 tamen
1232 3255 1464 3319 vitium
1501 3256 1696 3321 etiam
1736 3277 1770 3319 e
1810 3256 2129 3339 scriptura
2166 3256 2480 3342 ἐρείκας
2514 3260 2728 3322 ortum

429 3365 660 3447 putare
715 3362 786 3426 in
839 3361 1012 3427 hunc
1066 3361 1330 3427 modum
1385 3362 2141 3428 epeletzAwemxAflz
2172 3360 2730 3451 (ΑΝ)ΑΙΡΕΙΝΚΑΙ.

430 3506 515 3517 -—
563 3468 804 3533 Similis
863 3470 1258 3553 corrupizela,
1313 3472 1388 3533 ut
1452 3469 1817 3553 exemplum
1864 3470 2155 3553 afferam,
2211 3470 2469 3557 eritieos
2526 3471 2733 3534 illusit

431 3600 492 3660 p.
543 3576 668 3640 757
700 3576 772 3659 b,
834 3574 949 3639 ubi
1005 3576 1312 3660 leguntur
1365 3575 1551 3641 haec:
1619 3570 1655 3639 6
1717 3571 1791 3639 δὲ
1846 3570 2236 3659 Χρύσιππος
2290 3571 2733 3660 ἐξηγούμενος

430 3678 729 3766 τοῦνομα
774 3682 896 3748 τοῦ
937 3682 1108 3747 θεοῦ
1153 3684 1562 3767 κατηγορίαν
1606 3693 1789 3747 ποιεῖ
1827 3679 1941 3746 καὶ
1986 3678 2337 3767 διαβολήν·
2404 3676 2730 3767 ἀνερεῖν

430 3784 558 3874 γὰρ
605 3784 778 3853 εἶναι
821 3783 943 3853 τὸν
968 3784 1183 3873 ’Ἀρην
1229 3792 1472 3873 φησίν,
1528 3784 1737 3875 ἀρχὰς
1782 3782 2016 3865 διδοὺς
2058 3800 2199 3865 τοῖς
2241 3784 2317 3855 τὸ
2366 3784 2731 3873 μαχητικὸν

432 3897 506 3962 ἐν
561 3890 726 3981 ἡμῖν
778 3893 892 3960 καὶ
947 3891 1286 3980 διάφορον
1330 3894 1442 3961 καὶ
1486 3892 1850 3981 θυμοειδὲς
1874 3890 2088 3980 ’Ἀρην
2133 3896 2498 3979 κεκλῆσθαι
2545 3898 2731 3980 νομί-

433 4007 690 4082 ζουσιν·
753 4000 966 4087 ἕτεροι
1031 3998 1093 4066 δ’
1163 3992 1250 4067 αὖ
1309 4000 1604 4087 φήσουσι
1658 3998 1785 4086 τὴν
1824 3996 2226 4087 Ἀφροδίτην
2290 4001 2730 4086 ἐπιθυμίαν
2838 4024 2845 4029 ·

433 4104 608 4175 εἶναι
653 4146 738 4157 -
764 4108 897 4175 ,καὶ
953 4107 1356 4194 φρόνησιν
1400 4106 1524 4194 τὴν
1565 4104 1883 4192 Ἀθηνᾶν.
1976 4108 2081 4173 Ita
2127 4130 2351 4174 omnes
2399 4108 2579 4174 codd.
2626 4131 2727 4174 ex-

433 4219 620 4300 cepto
665 4216 754 4302 E,
816 4239 893 4281 ex
949 4239 1076 4301 quo
1122 4216 1336 4301 Wytt.
1391 4216 1596 4282 dedit:
1664 4211 2055 4300 ἀναιρεῖν.
2145 4213 2529 4281 Duebnerus
2574 4238 2727 4282 eon-

433 4321 744 4386 ieeturam
790 4321 1036 4387 Reiskii
1094 4318 1242 4387 ἀνα
1255 4348 1329 4407 ιρ
1342 4322 1379 4390 έ
1385 4347 1527 4407 την
1584 4323 1854 4407 recepit,
1914 4342 2109 4406 quam
2160 4322 2452 4407 ineptam
2507 4344 2647 4387 esse
2694 4344 2729 4385 e

433 4427 746 4525 ppoximis
807 4430 1096 4513 apparet.
1189 4426 1526 4494 Sententia
1585 4433 1655 4493 et
1708 4428 2025 4494 orationis
2086 4450 2287 4493 nexus
2344 4430 2519 4494 aliud
2574 4430 2728 4514 quid
