3200 5175
1269 1368 1615 1444 CAPUT
1670 1370 1726 1441 Ι.

1010 1533 1296 1591 VITAE
1345 1530 1985 1591 PARALLELAE.

535 1686 904 1771 Thesei-6:
951 1680 988 1750 ὁ
1035 1682 1162 1771 γὰρ
1213 1683 1294 1771 δὴ
1343 1683 1587 1771 χρόνος
1633 1684 1884 1762 ἐκεῖνος
1920 1682 2201 1769 ἤνεγκεν
2236 1682 2647 1771 ἀνθρωπους

352 1832 440 1841 -—-
489 1832 572 1841 --
623 1831 700 1841 --
757 1789 950 1877 ὕβρει
1009 1817 1078 1858 τε
1137 1786 1492 1877 χαίροντας
1549 1788 1957 1881 ὑπερηφάνῳ
2013 1776 2127 1857 καὶ
2188 1788 2649 1872 ἀπολαύοντας

351 1904 468 1987 τῆς
497 1898 865 1985 ’δυνάμεως
910 1894 1197 1984 ῶμότητι
1243 1898 1352 1964 καὶ
1397 1902 1629 1985 πικρίᾳ
1674 1898 1802 1963 καὶ
1848 1901 1949 1987 τῷ
1988 1911 2339 1983 κρατεῖν,
2384 1898 2645 1983 βιάζε*

268 2008 277 2017 ’
352 2012 552 2073 σθαί
605 2031 683 2074 τε
741 2005 869 2073 καὶ
932 2008 1446 2091 διαφθείρειν
1504 2002 1580 2071 τὸ
1636 2018 2075 2089 παραπῖπτον.
2150 2006 2557 2073 ‚Sintenisius
2613 2030 2647 2073 e

355 2139 471 2179 sua
517 2116 889 2180 coniectura
936 2115 1222 2197 scripsit:
1267 2112 1378 2179 καὶ
1423 2114 1513 2201 τῷ
1560 2124 1827 2197 κρατεῖν
1872 2137 1942 2177 τε
1988 2112 2099 2178 καὶ
2144 2110 2490 2196 βιάζεσθαι
2537 2113 2647 2179 καὶ

356 2222 596 2303 διαφθ.
652 2221 1024 2303 Madvigius
1065 2220 1260 2284 scribi
1297 2221 1460 2284 vult:
1499 2218 1609 2284 καὶ
1646 2222 1737 2307 τῷ
1775 2203 2130 2301 βιάζεοθαί
2156 2244 2227 2285 τε
2262 2218 2373 2285 καὶ
2411 2222 2647 2305 διαφθ.

354 2328 595 2392 omisso
619 2337 932 2410 κρατεῖν,
977 2326 1081 2389 vel
1123 2326 1370 2409 potius:
1417 2324 1527 2389 καὶ
1574 2328 1695 2389 τοῦ
1740 2337 2009 2409 κρατεῖν
2052 2329 2143 2414 τῷ
2190 2325 2545 2409 βιάζεσθαί
2578 2352 2649 2392 τε

352 2424 462 2497 καὶ
512 2434 747 2516 διαφθ.

532 2540 596 2606 Ν
599 2544 783 2605 eutra
826 2540 994 2605 ratio
1041 2539 1203 2605 mihi
1246 2540 1576 2623 probatur.
1654 2536 1733 2602 H.
1770 2539 1810 2603 l.
1847 2550 2115 2624 κρατεῖν
2152 2540 2321 2605 idem
2360 2542 2536 2606 valet
2573 2564 2647 2607 ac

351 2659 814 2732 κατακρατεῖν,
889 2650 956 2711 et
1026 2647 1516 2730 insequentibus
1589 2645 1925 2710 infinitivis
1989 2644 2344 2728 βιάζεσθαί
2404 2673 2473 2714 τε
2536 2649 2647 2714 καὶ

354 2755 591 2838 διαφθ.
629 2755 788 2820 satis
827 2754 1198 2837 explicatur.
1265 2752 1564 2818 Ceterum
1600 2757 1776 2817 recte
1805 2753 2338 2837 interpretantur:
2378 2755 2485 2802 ³-
2516 2756 2647 2820 fru-

354 2863 736 2945 erenturque
798 2859 1028 2924 robore
1086 2881 1201 2922 suo
1258 2881 1372 2941 per
1421 2858 1774 2941 feritatem,
1848 2859 2254 2944 violentiam,
2318 2865 2646 2944 oppressio-

351 2987 517 3044 nem,
580 2968 730 3030 dum
791 2968 855 3030 vi
905 2967 1248 3048 subiyerent
1299 2970 1357 3030 et
1397 2967 1727 3046 perderent
1773 2965 2075 3050 quicquid
2131 2967 2200 3031 in
2267 2989 2497 3033 manus
2552 2971 2645 3034 in-

353 3073 650 3166 cidebat’.
688 3073 693 3076 ⁴
741 3072 840 3136 De
899 3073 1376 3138 construetione
1429 3072 1509 3136 cf.
1553 3094 1617 3155 p.
1657 3073 1786 3136 673
1816 3094 1881 3136 a:
1943 3069 2170 3156 λόγοις
2219 3067 2645 3160 εὐωχουμένη

351 3178 463 3244 καὶ
523 3176 872 3264 μαθήμασι
931 3177 1042 3244 καὶ
1106 3180 1430 3264 ἱστορίαις
1487 3177 1596 3243 καὶ
1654 3180 1743 3266 τῷ
1804 3182 2017 3262 ζητεῖν
2072 3204 2135 3244 τι
2193 3175 2467 3246 ἀκούειν
2510 3185 2645 3248 τῶν

351 3288 691 3372 περιττῶν.

533 3393 828 3458 Romuli
875 3395 988 3459 22:
1034 3389 1288 3477 ’Έθηκε
1349 3389 1423 3456 δὲ
1465 3390 1578 3456 καὶ
1626 3388 1879 3474 νόμους
1922 3390 2139 3474 τινας,
2202 3384 2298 3458 ῶν
2348 3392 2648 3480 σφοδρὸς

353 3499 475 3583 μέν
521 3500 701 3564 ἐστιν
749 3495 785 3565 ὁ
829 3499 1096 3582 γυναικὶ
1145 3496 1234 3583 μὴ
1273 3494 1507 3573 διδοὺς
1541 3493 1926 3562 ἀπολείπειν
1964 3495 2201 3580 ἄνδρα,
2248 3512 2533 3582 γυναῖκα
2572 3501 2647 3568 δὲ

357 3600 590 3680 διδοὺς
647 3605 954 3686 ἐκβαλεῖν
998 3604 1102 3670 ἐπὶ
1149 3607 1524 3689 φαρμακείᾳ
1569 3603 1824 3668 τέκνων
1870 3595 1911 3687 ἢ
1958 3606 2301 3670 κλειδῶν
2345 3596 2646 3696 ὑποβολῇ

353 3707 462 3772 καὶ
529 3716 1021 3793 μοιχευθεῖσαν.
1116 3710 1334 3800 Verba
1393 3703 1434 3793 ἢ
1494 3710 1835 3774 κλειδῶν
1888 3705 2243 3798 ὑποβολῇ
2298 3716 2645 3782 manifesto

355 3821 656 3900 corrupta
713 3821 868 3882 sunt
919 3834 1126 3902 neque
1174 3817 1306 3882 ullo
1353 3817 1543 3882 modo
1591 3816 1849 3882 defendi
1894 3822 2187 3901 possunt.
2280 3819 2645 3906 Madvigius

355 3924 630 3986 correxit
677 3922 782 3987 ἐπὶ
828 3927 1206 4010 φαρμακείᾳ
1250 3921 1360 3988 καὶ
1405 3922 1661 3988 τέκνων
1707 3915 1748 4006 ἢ
1796 3926 2080 3989 κλειδῶν
2126 3921 2461 4012 ὑποβολῇ,
2508 3930 2644 4011 qui-

354 4029 476 4092 bus
527 4027 871 4094 difficultas
918 4055 1001 4095 ne
1049 4033 1422 4096 sublevatur
1459 4030 1735 4114 quidem.
1810 4029 2093 4095 Cobetus
2133 4033 2491 4116 rescripsit:
2524 4033 2687 4108 ,ἐπὶ--

354 4138 732 4222 φαρμακεία
796 4133 924 4200 καὶ
986 4136 1238 4202 τέκνων
1302 4131 1602 4220 ὑποβολῇ
1668 4134 1778 4200 καὶ
1844 4161 2045 4220 μοιχ.,
2112 4139 2360 4202 adiecto
2414 4135 2525 4202 καὶ
2584 4145 2647 4204 et

354 4243 556 4307 eiecto
602 4242 912 4324 κλειδῶν,
960 4264 1104 4308 cum
1151 4243 1274 4306 hac
1323 4242 1772 4306 annotatione:
1832 4241 2109 4324 Duplex
2154 4247 2294 4307 erat
2339 4245 2531 4310 lectio
2577 4247 2645 4310 in

352 4348 520 4414 libro
567 4353 850 4432 vetust03
906 4349 1142 4414 vitiosa
1186 4349 1472 4412 κλειδῶν
1516 4349 1584 4411 in
1632 4349 1838 4430 textu,
1896 4349 2235 4412 emendata
2278 4347 2531 4414 τέκνων
2577 4352 2679 4414 in.

352 4457 665 4542 margine,
712 4478 894 4611 quias
919 4456 1166 4522 scribae
1213 4458 1286 4519 ut
1335 4455 1549 4520 solent
1597 4399 2111 4518 coniurixerunt'.

461 4571 703 4622 Symoblae
947 4571 1147 4620 eaaetpl
1144 4580 1244 4618 or.g
1274 4570 1470 4608 i.n1>1ut
2188 4566 2213 4612 1
