3200 5175
1467 320 1544 339 ,-
1624 255 1769 351 138
1862 320 1948 331 -

731 461 800 531 O.
838 464 924 529 23
970 458 1059 548 (p.
1103 463 1274 528 1045
1293 458 1385 548 e):
1431 458 1743 547 πότερον,
1788 466 2023 547 φησίν,
2072 459 2278 540 ἔξεστι
2316 459 2439 528 τὸν
2474 457 2856 547 βραβευτὴν

551 566 676 640 τὸν
737 573 1014 655 φοίνικα
1079 564 1374 657 ὁποτέρῳ
1439 566 1751 652 βούλεται
1817 562 2225 647 ἄποδοῦναι;
2288 561 2437 635 κᾶν
2504 565 2856 653 τύχωσιν

551 672 730 767 αὐτῷ
789 674 1374 761 συνηθέστεροι
1429 670 1651 758 ὄντες,
1710 669 1801 751 ῶς
1856 667 1945 740 ἂν
1997 673 2295 742 ἐνταῦθα
2348 675 2485 742 τῶν
2532 669 2743 742 αὐτοῦ
2788 699 2853 740 τι

549 779 996 870 χαρισάμενον
1052 778 1307 867 τρόπον
1357 775 1510 847 τινὰ
1565 782 1901 865 μᾶλλον,
1958 775 2049 858 ὡς
2090 780 2330 847 κοινοῦ
2374 782 2497 848 τοῦ
2544 782 2857 866 φοίνικος

550 887 909 975 γεγονότος
961 883 1390 974 ἀμφοτέρων,
1438 888 1657 955 οἱονεί
1702 910 1891 964 τινος
1940 883 2195 971 κλήρου
2249 886 2617 972 γινομένου
2660 886 2855 956 ἐνάλω

552 1001 684 1074 λως
725 992 894 1064 κατὰ
935 991 1062 1081 τὴν
1109 994 1460 1076 ἐπίκλισιν,
1507 985 1598 1072 ῶς
1645 995 1833 1079 ἔτυχε
1871 994 2115 1062 δοῦναι
2151 986 2397 1071 αύτόν;
2450 992 2694 1062 Locum
2731 996 2853 1061 im-

551 1104 844 1190 peditum
890 1106 958 1169 et
991 1103 1216 1168 multis
1253 1102 1432 1167 vitiis
1470 1101 1987 1168 contaminatum
2025 1102 2119 1166 ita.
2156 1100 2609 1188 corrigendum
2640 1101 2852 1187 Wytt.

552 1210 857 1278 coniecit:
901 1205 1068 1275 κατὰ
1111 1205 1345 1294 τύχην,
1391 1202 1617 1274 αὐτῶν
1662 1206 2032 1294 μηδετέρου
2068 1202 2255 1290 ὄντα,
2302 1202 2393 1286 ὥς
2427 1200 2514 1273 ἂν
2552 1207 2855 1274 ἐνταῦθα

549 1317 687 1384 τῶν
731 1310 941 1383 αὑτοῦ
985 1339 1049 1381 τι
1095 1338 1239 1400 χαρ.
1283 1337 1380 1400 τρ.
1425 1310 1607 1391 τινάς
1664 1307 1707 1398 ἢ
1752 1315 2043 1398 μᾶλλον,
2102 1308 2192 1392 ὥς
2236 1316 2475 1381 κοινοῦ
2517 1351 2594 1362 -
2634 1309 2851 1400 ἀμφο-

547 1422 783 1511 τέρων,
831 1424 916 1490 οἱ.
957 1445 1083 1489 τιν.
1129 1426 1228 1488 κλ.
1272 1421 1661 1506 γινομένου,
1704 1415 1830 1505 τὴν
1874 1415 2093 1498 ἄλλως
2134 1416 2303 1487 κατὰ
2346 1417 2473 1506 τὴν
2516 1421 2850 1488 ἐπίκλισιν

552 1530 798 1598 δοῦναι
857 1524 1098 1608 αὖτὸν;
1161 1530 1380 1616 itaque
1444 1529 1657 1596 vertit.
1758 1527 2090 1614 Madvigio
2154 1528 2366 1594 iudice
2430 1527 2593 1596 haee
2656 1529 2851 1597 debet

549 1660 690 1704 esse
736 1639 884 1706 loci·
909 1637 1144 1703 forma:
1190 1673 1278 1682 —
1325 1630 1725 1718 ἀποδοῦναι,
1770 1629 1944 1700 κάθ’
1996 1627 2083 1700 ἄν
2128 1631 2421 1719 τύχωσιν
2465 1673 2575 1719 --‚
2622 1631 2714 1714 ῶς
2757 1630 2851 1703 ἂν

549 1783 632 1791 -
681 1740 1223 1830 χαρισάμενον
1268 1738 1522 1825 τρόπον
1567 1738 1753 1824 τινά,
1798 1733 1841 1825 ἢ
1888 1741 2146 1826 μᾶλλον
2192 1779 2279 1788 --
2326 1778 2411 1790 -—
2458 1736 2583 1826 τὴν
2628 1737 2852 1821 ἄλλως

544 1845 709 1917 κατὰ
753 1844 876 1935 τὴν
924 1847 1274 1930 ἐπίκλισιν,
1321 1842 1412 1926 ὥς
1457 1850 1669 1934 ἔτυχε,
1715 1849 1954 1915 δοῦναι
2000 1847 2306 1926 έατέον;
2352 1848 2593 1916 Lenius
2628 1851 2847 1934 possis

545 1959 616 2022 in
660 1957 833 2022 hune
878 1956 1166 2021 modum:
1217 1991 1298 2001 —-
1337 1951 1466 2022 κᾶν
1503 1952 1796 2040 τύχωσιν
1836 1950 2015 2045 αὐτῷ
2054 1951 2379 2040 συνήθεις
2418 1950 2848 2042 [ἀμφό]τεροι

547 2059 758 2148 ὄντες,
803 2057 894 2142 ῶς
939 2056 1026 2129 ἂν
1079 2098 1155 2110 -—
1207 2057 1457 2148 τρόπον
1503 2058 1678 2145 τινά,
1723 2055 1766 2146 ἢ
1812 2062 2068 2147 μᾶλλον
2116 2093 2200 2109 -—
2252 2099 2359 2144 —‚
2407 2063 2623 2130 οἱονεί
2658 2087 2850 2142 τινος

544 2168 797 2257 κλήρου
852 2168 1225 2256 γενομένου
1273 2165 1399 2254 τὴν
1442 2164 1693 2253 ἄλλως,
1747 2165 1913 2236 κατὰ
1957 2163 2081 2253 τὴν
2128 2167 2456 2236 ἐπίκλισιν
2501 2163 2590 2255 ἣν
2635 2172 2847 2256 ἔτυχε,

547 2279 789 2345 δοῦναι
839 2271 1080 2354 αὐτόν;
1330 2268 1336 2271 ’

724 2383 794 2451 G.
825 2386 907 2450 37
941 2384 1031 2473 (p.
1064 2385 1232 2451 1051
1255 2381 1344 2471 e):
1391 2381 1711 2469 ἐγκλητάς
1753 2407 1945 2462 τινας
1988 2380 2296 2471 ἀμελείας
2332 2391 2399 2453 et
2434 2388 2629 2471 paulo
2666 2391 2842 2472 post:

546 2490 886 2577 ἐγκλητέαι
931 2484 1248 2577 ἀμέλειαι.
1339 2490 1746 2558 Alterutrum
1795 2493 2263 2579 corrigendum.

721 2597 793 2665 G.
838 2600 927 2665 46
983 2603 1254 2665 extrem:
1309 2603 1380 2665 τί
1430 2597 1505 2666 δὲ
1559 2595 1701 2667 τὸν
1748 2605 2118 2685 Μεγαροῖ
2167 2597 2462 2667 δυνατόν
2510 2600 2694 2669 ἐστιν
2740 2602 2844 2668 έλ-

541 2712 698 2771 θεῖν
755 2708 853 2783 εἰς
891 2700 1212 2790 Ἀθήνας,
1265 2702 1395 2772 ὑπὸ
1451 2708 1570 2790 τῆς
1624 2707 2023 2794 εἱμαρμένης
2066 2704 2533 2793 κωλυόμενον;
2594 2708 2844 2774 Iniuria.

543 2813 905 2899 corrigunt:
953 2808 1073 2878 τὸν
1118 2818 1433 2901 Μεγαροῖ
1465 2808 1833 2896 ἀδύνατον,
1878 2814 2007 2879 vel:
2064 2810 2185 2880 τὸν
2232 2816 2569 2899 μενοῦντα
2615 2819 2841 2899 Μεγα-

542 2928 666 3004 ροῖ.
748 2915 884 2985 Τὸν
909 2924 1226 3007 Μεγαροῖ
1247 2922 1604 2988 rectissime
1633 2919 1847 3005 habet,
1875 2920 1913 2986 i.
1944 2942 1994 2985 e.
2021 2915 2143 2987 τὸν
2172 2920 2247 2987 ἐν
2276 2917 2622 3007 Μεγάροις
2656 2916 2841 2988 ὄντα.

718 3022 1076 3093 Adversus
1126 3022 1406 3093 Stoicos
1453 3023 1539 3092 (le
1585 3042 1835 3093 comm.
1883 3026 2175 3093 notitiis
2222 3049 2274 3092 c.
2325 3028 2359 3092 1
2409 3025 2499 3113 (p.
2550 3029 2719 3094 1059
2742 3026 2839 3114 a):

543 3131 616 3196 οἵ
671 3156 746 3215 γε
799 3128 966 3217 πρὸς
1019 3128 1220 3217 μικρὰ
1283 3130 1393 3197 καὶ
1448 3126 1586 3217 μετ’
1649 3134 1885 3210 αἰδοῦς
1938 3128 2019 3199 τὰ
2076 3126 2233 3219 παρ’
2294 3132 2459 3217 ἐμοῦ
2512 3135 2838 3221 λεχθέντα

541 3240 877 3323 σεμνῶς,
942 3233 1026 3305 οὐ
1077 3234 1207 3325 γὰρ
1265 3235 1629 3324 ψεύσομαι,
1696 3233 1789 3304 οὐ
1840 3236 2101 3327 πρᾴως
2160 3233 2538 3326 ᾐτιάσαντο.
2628 3242 2839 3329 Wytt.

539 3350 797 3430 praeter
821 3348 1276 3414 necessitatem
1303 3348 1582 3413 tentavit
1616 3342 1709 3413 οὐ
1735 3343 1998 3435 πρᾴως
2025 3346 2429 3434 corrigendo:
2458 3348 2569 3415 καὶ
2588 3347 2836 3438 πρᾴως,

540 3452 711 3539 quod
757 3455 1001 3540 recepit
1044 3455 1448 3523 DuebneruS.
1540 3450 1790 3543 Πρᾴως
1847 3459 1911 3519 et
1972 3454 2231 3540 σεμνῶς
2286 3456 2458 3521 inter
2512 3479 2581 3522 se
2636 3480 2835 3544 oppo-

541 3560 668 3625 sita
712 3564 880 3646 sunt,
925 3566 992 3627 et
1034 3564 1198 3628 bene
1247 3562 1761 3646 coniunguntur:
1809 3563 2068 3646 σεμνῶς
2105 3600 2187 3609 -—
2231 3556 2315 3628 οὐ
2358 3559 2587 3650 πρᾴως
2622 3559 2836 3652 ᾐτιάσ.

535 3668 788 3751 superbe
828 3689 1018 3752 neque
1049 3670 1298 3752 placide
1338 3669 1864 3753 reprehenderunt.

717 3772 1108 3859 Sequuntur:
1171 3771 1329 3853 τοὺς
1386 3773 1460 3841 δὲ
1514 3776 2003 3862 πρεσβυτέρους
2059 3770 2198 3861 μετ’
2262 3770 2467 3862 ὀργῆς
2513 3772 2836 3864 σοφιστὰς

537 3879 647 3946 καὶ
703 3884 1049 3969 λυμεῶνας
1101 3883 1255 3949 τῶν
1316 3881 1399 3948 ἐν
1446 3886 1919 3971 φιλοσοφία,
1974 3880 2085 3949 καὶ
2134 3880 2488 3968 δογμάτων
2534 3880 2670 3975 ὁδῷ
2717 3888 2835 3971 βα-

539 3985 863 4067 διζόντων
917 3983 1331 4076 ἀνατροπέας
1376 4026 1460 4037 --
1507 3988 1829 4073 λέγοντες.
1920 3990 2128 4075 Wytt.
2189 3990 2385 4057 scribi
2431 3993 2599 4058 vult:
2655 3991 2833 4060 νέων

537 4095 612 4162 έν
672 4100 1070 4184 φιλοσοφίᾳ,
1133 4097 1238 4162 vel
1297 4096 1434 4161 τῶν
1495 4096 1570 4163 ἐν
1625 4102 1762 4181 φιλ.
1822 4092 2311 4183 διατριβόντων
2365 4096 2558 4164 νέων.
2648 4098 2834 4167 Nihil

539 4224 718 4287 opus·
811 4201 1268 4270 scribendum:
1325 4203 1462 4269 τῶν
1517 4203 1590 4269 ἐν
1647 4207 2017 4291 φιλοσοφίᾳ
2063 4199 2418 4289 δογμάτων
2463 4200 2600 4297 ὁδῷ
2645 4209 2835 4292 βαδι-

537 4306 790 4389 ζόντων
857 4308 986 4377 καὶ
1059 4306 1488 4397 ἀνατροπέας.
1565 4306 1747 4401 ’Ὁδῷ
1822 4313 2118 4395 βαδίζειν
2188 4313 2414 4379 tritum
2488 4319 2590 4380 est
2656 4317 2830 4401 apud

535 4414 867 4483 Nostrum.
