3200 5175
1487 289 1972 357 —116—

591 559 597 566 ·
761 466 831 533 C.
889 469 972 534 21
1043 468 1181 534 init.
1255 469 1435 536 locus
1495 471 1719 536 multis
1782 471 1956 536 vitiis
2030 470 2376 556 impeditus
2449 469 2727 538 fortasse
2787 473 2887 537 ita

581 577 952 663 corrigitur:
1017 575 1127 641 καὶ
1181 572 1308 661 γὰρ
1365 578 1613 643 εἴδωλα
1668 575 2019 663 δήπουθεν
2078 575 2454 663 ἐνδυόμενα
2507 591 2647 656 τοῖς
2692 580 2886 665 ἐρωτ.

576 681 686 749 καὶ
728 683 1164 767 διατρέχοντα
1200 695 1415 750 κινεῖν
1452 667 1563 750 καὶ
1602 689 2021 771 γαργαλίζειν
2048 681 2169 753 τὸν
2198 681 2404 770 ὄγκον
2434 687 2546 764 εἰς
2572 685 2887 772 σπέρμα

579 794 1322 857 συνολισθαίνοντα
1378 802 1544 866 τοῖς
1587 787 1863 868 ἄλλοις
1907 804 2481 876 σχηματισμοῖς
2529 789 2599 880 (i.
2646 814 2699 857 e.
2750 788 2889 858 σὺν

575 908 716 974 τοῖς
760 891 988 974 ἄλλοις
1035 907 1541 982 σχηματισμοῖς,
1589 892 1709 974 οὕς
1753 896 2075 983 λαμβάνει
2121 895 2701 983 γαργαλιζόμενος,
2750 893 2889 964 ὀλι-

579 1007 954 1069 σθαίνοντα
1019 1005 1114 1081 εἰς
1177 1002 1495 1091 σπέρμα),
1561 1005 1633 1069 εἰ
1694 999 1991 1070 δυνατὸν
2044 1002 2193 1089 (pro
2250 999 2335 1069 ού
2382 1001 2709 1092 δυνατὸν)
2756 1002 2889 1090 μὲν

577 1105 705 1176 άπὸ
743 1112 1028 1193 παίδων,
1075 1104 1256 1192 [οὐκ]
1297 1106 1642 1188 ἀδύνατον
1680 1107 1755 1176 δὲ
1792 1105 1923 1176 άπὸ
1962 1113 2331 1194 γυναικῶνε
2377 1109 2487 1176 καὶ
2522 1109 2643 1189 τὰς
2675 1107 2891 1189 καλὰς

578 1213 822 1294 ταύτας
869 1253 954 1264 --
999 1212 1436 1302 ἀναμνήσεις,
1488 1210 1621 1299 [ἃς]
1668 1211 2229 1301 ἆνακαλοῦμεν
2276 1216 2408 1307 (vel
2454 1211 2889 1304 ἆνακλῶμεν)

577 1317 765 1408 ἡμεῖς
823 1320 927 1388 ἐπὶ
983 1317 1058 1388 τὸ
1111 1361 1187 1370 ——
1239 1317 1571 1407 ὀλύμπιον
1624 1359 1699 1371 -
1749 1318 2020 1405 κάλλος,
2078 1327 2151 1400 τί
2200 1317 2343 1406 [αν]
2398 1322 2651 1391 κωλύοι
2706 1327 2892 1408 γίνε-

579 1437 743 1495 σθαι
789 1427 878 1495 κὲ.
953 1429 1126 1496 Ordo
1175 1432 1488 1496 orationis
1537 1434 1665 1496 est·
1712 1433 1774 1497 εἰ
1810 1467 1887 1476 ——
1940 1425 2067 1496 οὐκ
2112 1425 2455 1498 ἀδύνατον
2502 1469 2585 1479 -
2634 1432 2895 1498 εἴδωλα

584 1575 659 1584 -
713 1536 1144 1624 διατρέχοντα
1200 1550 1414 1638 κινεῖν
1474 1535 1584 1603 καὶ
1632 1541 2052 1622 γαργαλίζειν
2098 1533 2220 1604 τὸν
2266 1561 2473 1623 ογκον
2527 1575 2599 1586 -
2621 1587 2640 1620 ,
2684 1541 2759 1602 τί
2798 1563 2897 1604 αν

579 1640 830 1709 κωλύοι
894 1642 1006 1709 καὶ
1059 1668 1176 1721 τας
1229 1640 1434 1724 καλὰς
1485 1641 1732 1722 ταύτας
1792 1681 1867 1693 --
1930 1639 2339 1731 ἀναμνήσεις
2390 1650 2707 1730 γίνεσθαι
2762 1641 2899 1730 μὲν

579 1761 708 1833 ἀπὸ
753 1769 1018 1833 παίδων
1064 1767 1154 1833 κὲ.
1246 1769 1448 1835 Paulo
1495 1774 1647 1854 post
1691 1771 1786 1835 ita
1833 1770 2049 1836 scrib.
2096 1768 2402 1855 γένητΑΙ;
2452 1772 2619 1852 [κΑΙ]
2666 1766 2898 1835 καθά-

577 1897 701 1961 περ
753 1912 826 1922 -
885 1911 960 1922 -·-
1013 1877 1260 1958 ἔλεγεν,
1307 1898 1470 1940 οταν
1515 1915 1604 1922 -
1655 1913 1731 1924 --
1783 1878 2164 1943 κατίδωσιν.

759 1980 828 2047 G.
858 1984 939 2047 21
975 1981 1063 2066 (p.
1096 1980 1332 2069 767d).
1371 1978 1455 2047 οὐ
1489 2007 1617 2067 γαρ
1657 1977 1878 2059 ἇπλως
1913 1978 2107 2048 κοινὰ
2144 1979 2234 2048 τὰ
2272 1927 2583 2066 φίλων*
2621 1977 2771 2049 ἀλλ’
2818 1985 2903 2050 οἰ

577 2093 717 2166 τοῖς
763 2088 1066 2174 σώμασιν
1106 2083 1480 2174 ὁριζόμενοι
1517 2085 1636 2166 τὰς
1674 2085 1887 2175 ψυχὰς
1921 2093 2038 2175 βία
2075 2087 2449 2173 συνάγουσι
2488 2088 2600 2156 καὶ
2644 2091 2891 2175 συντή-

579 2212 792 2262 κουσι.
840 2196 1046 2282 Wytt.
1079 2197 1381 2263 coniecit:
1419 2201 1661 2282 φίλων,
1704 2191 1871 2262 ἀλλὰ
1900 2193 2161 2262 τούτων
2188 2193 2405 2282 μόνον
2434 2199 2516 2263 οἱ.
2565 2197 2890 2283 Supplere

581 2322 830 2406 possis:⁸
867 2317 948 2386 τὰ
995 2309 1216 2406 φίλων
1255 2323 1640 2405 [”ΑΛΛΟΙς],
1689 2320 1881 2388 ἈΛΛ’
1927 2292 2013 2388 O?
2051 2333 2192 2398 τοῖς
2229 2318 2392 2406 σώμ.
2467 2321 2593 2389 Sed
2629 2323 2895 2408 lacuna,

582 2451 744 2513 quae
791 2433 1034 2494 temere
1082 2451 1272 2513 saepe
1309 2433 1593 2512 notatur,
1640 2452 1770 2495 non
1809 2431 1911 2493 est
1948 2452 2128 2514 opuS,
2174 2430 2367 2495 modo
2408 2430 2757 2495 scribatur:
2799 2453 2889 2494 τα

581 2538 824 2619 φίλων,
869 2529 1015 2628 άλλ’
1069 2537 1140 2601 οἳ
1178 2547 1320 2613 τοῖς
1365 2531 1526 2620 σώμ.
1571 2532 1662 2602 κὲ.
1710 2536 1749 2602 i.
1798 2559 1848 2602 e.
1896 2531 2065 2603 ἀλλὰ
2102 2533 2386 2620 τούτοις,
2434 2539 2507 2602 οἳ
2536 2549 2678 2613 τοῖς
2718 2533 2892 2622 σώμ.

582 2640 893 2708 Similiter
947 2644 1112 2708 dixit
1166 2644 1236 2707 in
1284 2641 1500 2710 Solon.
1548 2666 1600 2709 c.
1648 2645 1761 2709 21:
1822 2640 1971 2710 οὐδ’
2024 2624 2246 2722 ἁπλῶς
2290 2640 2411 2721 τὰς
2456 2641 2681 2721 δόσεις
2726 2642 2890 2729 ἐφῆ-

578 2774 716 2833 κεν,
764 2744 910 2816 αλλ’
962 2750 1026 2815 εἰ
1069 2745 1159 2835 μὴ
1205 2746 1432 2816 νόσων
1480 2774 1707 2817 ενεκεν
1751 2757 1888 2817 κτλ.
1936 2752 2045 2817 ubi
2092 2751 2172 2817 cf.
2219 2756 2438 2818 annot.
2484 2773 2681 2817 meas.

759 2856 828 2923 G.
876 2860 963 2923 23
1012 2856 1102 2944 (p.
1153 2859 1279 2923 769
1297 2856 1391 2945 b):
1449 2896 1532 2906 --
1580 2852 1729 2924 ἄλλ’
1792 2853 2011 2943 ωσπερ
2073 2859 2149 2924 αἱ
2198 2854 2424 2936 πόλεις
2470 2854 2583 2925 διὰ
2628 2856 2891 2944 χρόνου

581 2961 880 3040 σπονδὰς
935 2959 1378 3030 ἀνανεοῦνται
1434 2960 1600 3049 πρὸς
1654 2959 1977 3050 ἀλλήλας,
2035 2960 2247 3042 οὕτως
2301 2990 2431 3051 αρα
2477 2961 2889 3051 βουλόμενοι

581 3065 1044 3136 ἀνανεοῦσθαι
1089 3066 1210 3136 τὸν
1254 3067 1474 3155 γάμον
1511 3070 1583 3137 ἐκ
1619 3073 1756 3137 τῶν
1796 3058 2104 3137 ἑκάστοτε
2143 3071 2656 3173 συλλεγομένων
2695 3073 2887 3139 (ΧΗ-

584 3196 898 3263 ΜΑΤωΝ
959 3194 1033 3259 ἐν
1086 3197 1167 3282 τῇ
1225 3193 1499 3283 τοιαύτῃ
1547 3192 2075 3285 φιλοφροσύνῃ.
2128 3196 2232 3262 Ita
2280 3197 2458 3264 codd.
2504 3197 2716 3283 Wytt.
2762 3220 2887 3283 pro

582 3301 936 3389 σχημάτων
1015 3305 1360 3389 legendum
1433 3305 1715 3369 monuit:
1792 3301 2204 3390 ἰσχημάτων,
2234 3298 2457 3391 quod
2526 3305 2692 3370 nihil
2762 3310 2887 3370 est.

582 3411 962 3478 Duebnerus
1010 3412 1294 3496 scripsit:
1343 3407 1927 3497 δυσχερασμάτων,
1979 3411 2153 3497 quod
2194 3412 2266 3476 in
2303 3408 2692 3477 sententiam
2732 3434 2883 3478 con-

585 3520 762 3585 venit
809 3518 1117 3606 (namque
1163 3518 1232 3583 in
1278 3541 1346 3583 re
1392 3519 1469 3584 de
1516 3540 1645 3603 qua
1691 3518 1910 3604 agitur
1956 3540 2147 3603 saepe
2193 3518 2367 3584 Plut.
2412 3520 2700 3585 eiusdem
2740 3542 2883 3585 sen-

581 3627 824 3692 tentiae
885 3627 1199 3691 vocabulo
1261 3622 1821 3711 προσκρούσματα
1875 3627 2100 3691 utitur.
2166 3626 2245 3691 cf.
2292 3625 2524 3692 Aemil.
2582 3644 2633 3692 c.
2681 3624 2783 3713 5),
2844 3650 2887 3691 a

584 3732 764 3798 codd.
819 3735 1043 3796 tamen
1098 3733 1372 3797 lectione
1426 3733 1685 3797 recedit.
1776 3730 2145 3819 Madvigius
2202 3732 2501 3798 coniecit:
2562 3730 2880 3817 ἐγκλημά-

582 3865 741 3923 των,
789 3839 962 3924 quod
1007 3839 1075 3902 in
1120 3843 1421 3904 neutram
1467 3843 1722 3924 partem
1770 3839 2323 3929 accommodatum
2362 3842 2479 3905 est.
2513 3876 2589 3885 —
2624 3837 2883 3906 Nomen

581 3948 752 4039 quod
810 3949 974 4012 latet
1027 3946 1216 4011 facile
1270 3948 1615 4033 reperitur3
1679 3968 1805 4012 vox
1861 3940 2098 4032 σχῆμα
2133 3968 2321 4031 saepe
2366 3946 2437 4011 in
2482 3944 2653 4011 Plut.
2699 3948 2879 4013 codd.

581 4052 998 4122 confunditur
1051 4076 1196 4119 cum
1257 4050 1470 4139 ὄχημα
1518 4051 1593 4141 (C
1626 4085 1709 4107 =
1739 4052 1851 4141 O),
1907 4054 2077 4139 quod
2133 4054 2215 4118 ad
2263 4076 2483 4119 veram
2535 4053 2879 4119 lectionem

581 4160 896 4250 ὅχ(λ)ημα
952 4148 1144 4227 ducit.
1239 4159 1661 4227 Scribendum
1714 4162 1940 4247 igitur:
2000 4160 2071 4226 ἐκ
2116 4162 2251 4226 τῶν
2296 4156 2601 4226 ἑκάστοτε
2650 4165 2880 4227 συλλε-

581 4268 891 4354 γομένων
931 4263 1427 4353 ὀχλημάτων,
1474 4269 1648 4353 quod
1686 4272 1753 4333 et
1790 4269 2149 4333 sententiae
2187 4268 2487 4353 congruit
2526 4270 2593 4331 et
2618 4268 2879 4333 lectioni

579 4377 874 4442 traditae.
957 4375 1348 4442 Nominibus
1408 4376 1477 4439 in
1542 4400 1716 4460 -μα
1779 4376 2162 4441 exeuntibus
2217 4375 2383 4439 Plut.
2443 4374 2877 4441 libentissime

581 4485 696 4569 uti,
747 4488 898 4549 ante
947 4483 1077 4547 dixi
1123 4483 1191 4546 in
1237 4504 1386 4568 pag.
1433 4482 1564 4547 384
1580 4506 1637 4550 a.
1728 4480 2039 4549 Similiter
2085 4468 2330 4568 ὀχλεῖν,
2378 4477 2659 4568 ὄχλησις.
