3200 5175
1567 354 1959 416 ...4-

792 567 874 576 —
903 531 1010 596 18:
1049 525 1274 616 ἆρθῶς
1301 529 1643 608 ἐθίζοντος
1669 533 1789 597 τοῦ
1814 529 2195 615 νομοθέτου
2222 525 2379 606 τοὺς
2396 533 2668 608 πολίτας
2688 525 2906 616 ὥσπερ

610 632 834 722 ἙΝὸΕ
875 631 1197 721 ΜέΡΟΥ(
1236 651 1823 721 συναισθάνεσθαι
1861 654 1972 720 καὶ
2002 661 2361 738 συναλγεῖν
2390 648 2718 738 ἀλληλοις.
2778 656 2906 720 Pro

612 763 824 827 verbis
883 764 1228 828 manifesto
1274 763 1526 827 vitiosis
1573 759 1723 839 ἑνὸς
1768 763 2011 847 μέρους
2056 761 2389 848 Xylander
2434 763 2713 828 coniecit
2759 759 2908 839 ἑνὸς

613 866 914 953 σώματος
951 867 1145 953 μέρη;
1192 869 1494 934 Reiskius
1533 873 1750 934 autem
1798 871 1988 934 haec:
2034 865 2254 954 ὥσπερ
2303 864 2453 946 ἑνὸς
2498 869 2743 954 μέρους
2778 867 2909 954 (vel

611 974 880 1060 μέλους)
939 975 1306 1058 ἀλγοῦντος
1368 971 1442 1041 τὸ
1507 977 1644 1040 πᾶν
1710 975 1841 1060 (vel
1896 972 1973 1041 τὸ
2036 971 2227 1061 ὅλον)
2288 977 2477 1059 σῶμα
2538 972 2908 1040 συναισθά-

612 1088 884 1164 νεσθαι,
951 1105 1113 1167 quae
1177 1105 1366 1147 nemo
1433 1083 1687 1166 probat.
1788 1081 1949 1146 Mihi
2016 1083 2269 1146 videtur
2334 1083 2641 1166 scriptum
2708 1083 2908 1147 fuisse

553 1231 560 1238 -
612 1191 1159 1255 (NOCMGVOYC
1215 1191 1254 1254 i.
1311 1212 1365 1254 e.
1417 1185 1822 1273 ἡνωμένους.
1914 1190 2012 1254 De
2068 1189 2402 1252 literarum
2460 1191 2503 1253 Ρ
2562 1193 2627 1252 et
2676 1191 2725 1254 Ν
2784 1191 2908 1254 fre-

613 1298 1036 1381 quentissima
1081 1296 1151 1360 in
1191 1296 1417 1362 Nostri
1467 1296 1645 1361 codd.
1697 1296 2174 1380 permutatione
2220 1295 2299 1360 of.
2347 1300 2792 1360 annot.-meas
2837 1297 2909 1360 in

612 1426 673 1486 p.
720 1404 810 1468 44
839 1404 899 1467 b.
991 1403 1088 1467 De
1136 1405 1458 1468 sententia
1505 1403 1584 1467 of.
1630 1404 1818 1467 Arat.
1867 1403 1955 1467 24
2002 1407 2160 1467 extr.
2212 1439 2287 1448 —-
2340 1403 2555 1487 Atque
2604 1403 2774 1487 quod
2819 1403 2906 1467 le-

613 1511 788 1594 gitur
843 1509 1092 1574 Galbae
1157 1512 1298 1575 init.
1365 1512 1428 1574 1:
1493 1510 1564 1574 οί
1624 1506 1699 1574 δὲ
1753 1514 2047 1574 πλεῖστοι
2102 1505 2406 1593 καθάπερ
2462 1507 2913 1593 ἐρρωμένον

611 1615 798 1700 σῶμα
835 1612 909 1681 τὸ
951 1612 1426 1701 στρατιωτικὸν
1461 1611 1770 1694 ἀξιοῦσιν
1812 1617 1953 1702 ἰδίᾳ
1988 1614 2316 1700 μηδέποτε
2353 1612 2703 1700 χριόμενον
2732 1611 2907 1702 ὁρμῇ

593 1730 1078 1808 ,συγκινεῖσθαι
1129 1725 1209 1808 τῇ
1253 1724 1376 1788 τοῦ
1414 1723 1787 1808 στρατηγοῦ
1826 1723 2011 1787 valde
2049 1745 2273 1787 vereor
2308 1745 2391 1787 ne
2428 1723 2907 1787 rescribendum

613 1829 724 1892 sit:
773 1866 860 1874 —
913 1825 1217 1914 καθάπερ
1279 1823 1695 1912 ἡνωμένον
1750 1831 1939 1913 σῶμα
1985 1827 2076 1893 κε’.
2168 1827 2445 1894 Solanus
2510 1833 2903 1894 correxerat:

613 1932 1095 2020 αἰωρούμενον.
1188 1936 1320 2000 Α111
1364 1933 1871 2020 πεπηρωμένονε
1918 1933 2325 2020 ἐναρμόνιον
2372 1941 2487 2001 ete.

798 2079 868 2089 --
923 2044 1040 2106 21:
1089 2037 1172 2106 οὐ
1217 2039 1352 2126 μὴν
1398 2036 1653 2126 ἀνέδην
1696 2066 1772 2125 γε
1816 2039 2020 2106 πάλιν
2068 2036 2216 2107 οὐδ’
2268 2038 2489 2119 ἅπλῶς
2532 2039 2650 2120 τὰς
2687 2039 2908 2119 δόσεις

517 2165 528 2174 ·
613 2147 906 2274 ἐφῆκεν,
949 2142 1110 2212 ἀλλ’
1175 2151 1238 2213 εί
1293 2145 1382 2232 μὴ
1449 2148 1675 2214 νόσων
1731 2149 1955 2214 ἕνεκεν
2008 2143 2049 2232 ἢ
2107 2146 2481 2234 φαρμάκων
2535 2175 2577 2233 η
2645 2151 2908 2234 δεσμων

611 2248 653 2338 ἢ
701 2248 958 2340 ἀνάγκη
1005 2249 1510 2340 κατασχεθεὶς”
1471 2281 1512 2339 η
1559 2253 1833 2339 γυναικὶ
1877 2251 2385 2339 πειθόμενος
2458 2244 2536 2320 εὖ
2575 2253 2755 2321 πάνυ
2798 2255 2907 2320 καὶ

612 2357 1086 2447 προσηκόντως
1129 2369 1204 2427 τὸ
1253 2359 1617 2446 πεισθῆναι
1665 2358 1845 2447 παρὰ
1890 2358 1965 2427 τὸ
2006 2361 2354 2446 βέλτιστον
2391 2357 2595 2427 ουδεν
2632 2357 2907 2489 ηγούμε-

612 2493 730 2544 νος
775 2469 896 2533 τοῦ
942 2470 1311 2552 βιασθῆναι
1360 2468 1730 2554 διαφέρειν,
1777 2464 1921 2533 ἀλλ’
1975 2471 2069 2544 εἰς
2112 2463 2312 2534 ταύτὸ
2360 2465 2487 2552 τὴν
2532 2465 2789 2553 ἀπάτην
2826 2472 2905 2557 τῇ

611 2569 870 2662 ἀνάγκη
917 2573 1027 2640 καὶ
1073 2576 1164 2664 τῷ
1211 2573 1398 2664 πόνῳ
1446 2572 1572 2659 τὴν
1618 2570 1878 2661 ἡδονὴν
1914 2575 2231 2661 θέμενος,
2279 2602 2369 2653 ως
2402 2571 2525 2662 οὐχ
2563 2565 2763 2661 ἦττον
2804 2577 2901 2643 ἐκ-

614 2682 847 2765 στῆσαι
903 2678 1231 2766 λογισμὸν
1285 2678 1659 2767 ἀνθρώπου
1714 2681 2130 2767 δυναμένων.
2221 2683 2584 2748 Verborum
2641 2679 2787 2749 ἀλλ’
2849 2686 2911 2748 εἰ

615 2785 704 2872 μή
755 2826 834 2834 --
885 2786 1288 2874 πειθόμενος
1340 2791 1507 2854 ratio
1555 2791 1846 2855 nondum
1894 2792 2053 2855 satis
2102 2790 2431 2854 declarata
2478 2795 2595 2855 est.
2682 2792 2907 2875 Neque

617 2897 791 2959 enim
838 2894 1088 2960 Reiskii
1137 2898 1532 2962 coniectura:
1583 2898 1645 2961 εἰ
1678 2893 1767 2981 μὴ
1807 2898 2031 2962 νοσῶν
2068 2890 2109 2981 ἢ
2146 2898 2522 2981 φαρμακῶν
2558 2890 2601 2980 ἢ
2642 2899 2905 2981 δεσμῶν

613 2996 655 3086 ἢ
717 2998 881 3089 ἄλλῃ
929 2997 1186 3086 ἀνάγκη
1235 3000 1337 3086 κὲ,
1392 3026 1600 3088 neque
1648 3005 1817 3089 quod
1862 3004 2114 3068 Hutten
2162 3004 2491 3068 subaudiri
2538 3004 2752 3068 iussit:
2807 3026 2909 3079 τις

615 3106 878 3173 διέθετο
924 3108 1036 3174 καὶ
1083 3104 1260 3197 ἄλλω
1308 3108 1440 3174 τινὶ
1477 3105 1556 3174 τὰ
1598 3108 1841 3175 ἑαυτοῦ
1876 3106 2281 3195 ἐδωρήσατο,
2329 3110 2463 3175 ullo
2502 3110 2697 3175 modo
2736 3132 2905 3175 com-

615 3215 877 3298 probari
932 3219 1223 3299 possunt.
1315 3215 1460 3280 Huc
1505 3216 1666 3281 facit
1710 3217 1821 3301 qui
1866 3220 1933 3281 et
1978 3216 2107 3281 alia
2152 3216 2443 3281 illustrat
2488 3219 2553 3280 et
2598 3217 2907 3300 syntaxin

612 3322 791 3386 loeus
858 3323 1170 3407 gemellus
1236 3345 1294 3406 p.
1352 3323 1484 3387 265
1511 3322 1564 3387 f:
1629 3319 1944 3407 πότερον,
2012 3318 2101 3399 ὥς
2156 3322 2399 3387 Σόλων
2465 3318 2727 3405 γράψας
2790 3318 2910 3398 τὰς

619 3428 840 3505 δόσεις
873 3432 1110 3513 κυρίας
1145 3424 1319 3494 εἶναι
1357 3431 1492 3495 τῶν
1526 3426 2013 3512 τελευτώντων,
2050 3425 2223 3513 πλὴν
2261 3430 2330 3493 εἰ
2364 3426 2461 3512 μή
2498 3452 2615 3505 τις
2652 3424 2906 3515 ἀνάγκη

613 3532 1058 3620 συνεχόμενος
1130 3529 1171 3619 ἢ
1245 3535 1511 3620 γυναικὶ
1575 3533 2009 3620 πειθόμενος,
2082 3531 2205 3619 τὴν
2267 3532 2391 3619 μὲν
2452 3530 2753 3619 ἀνάγκην
2819 3530 2909 3611 ὥς

616 3641 1015 3725 βιαζομένην
1067 3636 1473 3726 ὑπεξείλετο,
1527 3641 1653 3728 τὴν
1710 3640 1783 3708 δὲ
1830 3637 2090 3727 ἡδονὴν
2137 3636 2227 3719 ὥς
2271 3642 2906 3727 παραλογιζομένην,

614 3743 826 3823 οὕτως
879 3742 1366 3832 ὑπενοήθησαν
1421 3751 1494 3813 αἰ
1536 3750 1879 3832 γυναικῶν
1922 3747 2033 3813 καὶ
2078 3743 2352 3832 ἀνδρῶν
2399 3745 2644 3833 δόσεις;
2717 3748 2906 3814 Unde

613 3854 827 3919 locum
884 3858 1179 3918 nostrum
1237 3856 1330 3919 sie
1385 3856 1854 3920 restituendum
1912 3856 2234 3939 suspicor:
2291 3848 2439 3918 ἀλλ’
2504 3857 2566 3919 εἰ
2608 3851 2698 3938 μὴ
2751 3858 2903 3935 [τις]

613 3958 1130 4025 νόσων’ἕνεκεν
1176 3998 1259 4007 --
1315 3964 1748 4047 κατασχεθείς
1811 3954 1852 4044 ἢ
1917 3959 2186 4043 γυναικὶ
2251 3947 2687 4045 πιθόμενος
2752 3960 2905 4047 (hoo

613 4090 759 4131 eum
806 4066 1102 4151 Cobeto),
1149 4072 1222 4133 ut
1265 4068 1371 4133 1110
1417 4070 1616 4132 etiam
1662 4068 2082 4132 subaudiatur
2126 4056 2229 4149 ἦν.
2283 4105 2356 4113 -

790 4174 895 4239 Ad
953 4175 1150 4239 verba
1209 4168 1354 4239 ἀλλ’
1420 4177 1513 4252 εἰς
1569 4169 1773 4241 ταύτὸ
1835 4211 1920 4221 -
1977 4174 2264 4259 θέμενος
2321 4174 2689 4259 Madvigius
2748 4176 2905 4241 haee

615 4283 978 4346 annotavit:
1047 4280 1233 4346 ‘nihil
1289 4282 1395 4347 1110
1452 4283 1590 4367 agit
1642 4278 1882 4365 πόνος,
1945 4305 2072 4367 quo
2128 4304 2319 4346 nemo
2381 4304 2766 4367 quemquam
2824 4283 2904 4347 ad

614 4389 984 4453 donandum
1053 4389 1442 4453 adducturus
1510 4393 1675 4473 erat,
1742 4390 1853 4454 sed
1908 4384 2124 4472 ἡδονή
2179 4388 2249 4451 111
2305 4410 2381 4451 eo
2440 4390 2727 4474 valebat,
2794 4392 2903 4476 qui

613 4496 868 4560 mulieri
916 4496 1423 4579 obtemperabat,
1470 4492 1719 4579 φόβος
1766 4492 1912 4581 (pro
1960 4492 2197 4580 πόνος)
2242 4494 2310 4557 111
2358 4516 2432 4558 eo
2482 4498 2589 4580 qui
2637 4498 2902 4583 δεσμῶν
