3200 5175
1437 288 1918 354 -142—

526 468 803 556 σεαυτῷ,
840 463 970 532 καὶ
1009 462 1108 552 μὴ
1149 467 1388 552 δοκῇς
1423 459 2106 550 ἀπομαλθακίζεσθαι.
2153 465 2511 533 Laboranti
2547 465 2830 532 orationi

527 575 900 642 subveneris
947 573 1315 640 scribendo:
1361 567 1460 651 ῶς
1504 569 1602 658 μὴ
1654 573 1921 659 δοκῇς,
1967 594 2087 657 pro
2134 571 2245 638 καὶ
2290 569 2381 658 μὴ
2430 573 2651 658 δοκῇς.

703 680 906 748 Paulo
947 684 1098 767 post
1124 703 1243 767 pro
1271 684 1360 746 M
1363 684 1568 769 ι’θρςο
1597 680 2036 747 scribendum:
2080 682 2351 766 Μίθρῃ,
2389 683 2463 745 ut
2487 702 2550 764 p.
2586 679 2759 744 1126
2772 701 2827 744 e.

525 789 628 856 vel
674 790 936 876 Μύθρᾳ.
1027 788 1284 854 Primus
1330 809 1518 854 casus
1565 791 1667 853 est
1708 790 1992 873 Μίθρας
2034 788 2139 853 vel
2184 790 2481 873 Μίθρης.

708 911 778 978 G.
825 913 911 978 20
936 911 1049 1000 -(p.
1100 912 1316 978 110οἲ
1321 913 1347 998 )
1405 912 1863 997 supplendum:
1914 909 2026 976 καὶ
2070 906 2200 998 γὰρ
2247 907 2433 978 οὔπω
2478 911 2833 996 προσῆκον

529 1023 662 1106 ἔχει
707 1017 893 1097 τέλος
943 1020 1084 1101 [Ἃ]
1127 1014 1337 1096 Αὐτὸς
1370 1055 1446 1066 —-
1479 1013 1909 1103 ὑποβέβληκε.
1974 1019 2383 1084 Duebnerus:
2434 1018 2573 1099 [Ὃ]
2603 1013 2829 1094 αὐτός.

705 1145 774 1212 Ο.
823 1145 905 1211 21
969 1142 1058 1232 (p.
1112 1144 1277 1211 1101
1291 1141 1384 1232 e):
1449 1141 1744 1222 δεδιότες
1801 1142 1929 1228 γὰρ
1994 1143 2108 1230 (sc.
2162 1142 2285 1209 τὸν
2341 1138 2541 1230 θεὸν)
2603 1137 2831 1224 ῶσπερ

529 1249 820 1339 ἄρχοντα
874 1262 1184 1337 χρηστοῖς
1229 1247 1460 1334 ἤπιον,
1516 1245 1774 1336 ἀπεχθῆ
1824 1249 1901 1317 δὲ
1943 1245 2260 1336 φαύλοις,
2308 1248 2410 1316 ἑνὶ
2456 1245 2681 1338 φόβφ,
2728 1242 2823 1318 δι’

527 1352 616 1425 ὃν
681 1354 776 1424 οὐ
838 1355 1114 1423 δέουσι
1176 1358 1476 1440 πολλῶν,
1537 1356 2063 1445 ἐλευθεροῦνταί
2116 1382 2187 1424 τε
2240 1358 2365 1424 τοῦ
2419 1351 2678 1422 ἀδικεῖν
2734 1351 2829 1420 κὲ.

528 1466 634 1532 Ita
697 1465 896 1530 edidit
958 1464 1360 1530 Duebnerus.
1463 1463 1709 1550 Vulgo:
1785 1460 1874 1530 δι’
1944 1457 2029 1530 ὃν
2094 1458 2179 1530 οῦ
2242 1462 2470 1530 δέουσι
2532 1463 2827 1545 πολλῶν,

533 1568 1082 1659 ἐλευθερούντων
1135 1569 1241 1638 ἐπὶ
1293 1567 1370 1637 τὸ
1427 1565 1705 1638 ἀδικεῖν.
1796 1571 2163 1658 Madvigius
2216 1573 2359 1638 coll.
2414 1594 2468 1637 ο.
2526 1571 2643 1656 25,
2698 1573 2739 1651 ἓ
2789 1571 2831 1635 3

531 1684 596 1745 et
640 1681 684 1744 4
739 1680 1046 1746 coniecit:
1103 1672 1194 1744 δι’
1247 1672 1331 1744 ὃν
1387 1673 1590 1744 οὐδὲν
1638 1673 1948 1745 ἀδικοῦσι
1994 1679 2263 1746 πολλῶν
2309 1677 2832 1764 ἐλευθεροῦνται

531 1785 603 1852 ἐκ
647 1787 771 1852 τοῦ
807 1781 1080 1852 ἀδικεῖν.
1146 1783 1391 1852 Contra
1418 1785 1892 1852 Herwerdenus
1932 1786 2285 1852 observans
2322 1785 2488 1852 nihil
2523 1785 2650 1852 huc
2687 1808 2831 1871 per-

530 1896 742 1960 tinere
803 1915 1026 1959 eorum
1075 1915 1238 1978 quae
1284 1893 1588 1980 leguntur
1634 1916 1683 1960 ο.
1734 1895 1840 1960 25.
1905 1894 2353 1980 corrigendum
2398 1894 2677 1959 monuit:
2734 1886 2828 1958 δι’

533 1994 616 2066 ὃν
663 1994 741 2066 οἱ
793 1998 1120 2066 δέονται
1163 2001 1454 2084 πολλῶν,
1502 1999 2032 2088 έλευθεροῦνταί
2066 2025 2138 2068 τε
2172 2001 2297 2067 τοῦ
2334 1996 2611 2066 ἀδικεῖν.
2665 2001 2833 2065 bene

533 2108 618 2174 ad
675 2107 1095 2192 sententiam,
1157 2107 1270 2172 sed
1325 2108 1645 2190 quomodo
1700 2131 1779 2174 ex
1834 2106 2099 2174 δέονται
2167 2108 2413 2174 factum
2468 2109 2557 2174 sit
2601 2107 2835 2174 δέουσι

535 2237 667 2281 non
715 2218 1004 2299 apparea
1051 2251 1129 2261 —
1180 2214 1324 2300 Ego
1374 2215 1781 2281 scribendum
1828 2219 2014 2300 puto:
2058 2211 2285 2300 ῆπιον,
2333 2214 2633 2300 ἐπαχθῆ
2680 2215 2835 2302 (hoc

534 2344 679 2388 cum
715 2316 1015 2406 Reiskio)
1064 2317 1140 2385 δὲ
1185 2316 1492 2405 φαύλοις,
1539 2318 1641 2386 ἑνὶ
1688 2317 1916 2410 φόβςο,
1966 2315 2057 2386 δι’
2104 2315 2188 2388 ὃν
2230 2316 2421 2403 οὐ[Δ’
2470 2321 2835 2404 ἐν]Δεόυσι

531 2427 819 2509 πολλῶν,
869 2425 1395 2512 έλευθεροῦνταί
1432 2451 1503 2492 τε
1545 2427 1672 2494 τοῦ
1716 2423 1820 2493 ἀδ.

712 2532 783 2601 G.
828 2534 912 2599 21
973 2532 1061 2619 (p.
1114 2535 1283 2600 1102
1297 2530 1397 2620 b):
1459 2528 1673 2600 αὐλὸν
1731 2531 1855 2620 μὲν
1913 2530 2042 2622 γὰρ
2106 2517 2351 2624 ε’τέρων
2411 2533 2661 2625 ἑορτῶν
2720 2534 2833 2602 καὶ

538 2638 876 2726 στέφανον
938 2634 1382 2726 ἀφαιροῦμεν,
1443 2642 1619 2707 θεοῦ
1664 2638 1740 2708 δὲ
1784 2646 1997 2731 θυσία
2041 2638 2131 2728 μὴ
2186 2639 2547 2731 παρόντος,
2610 2638 2835 2731 ῶσπερ

537 2761 722 2847 ἱερὸν
761 2746 1064 2847 ΔΟΧΙῘῘΙΕ,
1101 2760 1314 2831 ἄθεόν
1352 2763 1490 2831 ἐστι
1524 2762 1636 2831 καὶ
1674 2760 2123 2853 ἀνεόρταστον
2170 2804 2245 2815 --—
2295 2764 2371 2835 τὸ
2420 2764 2836 2854 λειπόμενον.

535 2872 836 2937 Reiskius
908 2872 1256 2938 divinando
1329 2874 1546 2958 potius
1621 2895 1816 2960 quam
1888 2875 2372 2959 interpretando
2442 2876 2538 2941 ita
2610 2877 2837 2942 vertit:

535 2978 1098 3064 ‘quemadmodum
1154 2979 1444 3064 viebima„
1505 2981 1608 3046 cui
1664 2981 1832 3046 fellis
1879 2981 2061 3047 deest
2104 2982 2450 3063 folliculus,
2517 2983 2833 3048 sacrificio

469 3167 482 3179 .
534 3084 904 3171 peragendo
950 3106 1085 3150 non
1132 3089 1232 3150 est
1277 3086 1552 3152 idonea'.
1625 3085 1830 3173 Wytf„
1877 3109 1996 3173 pro
2046 3088 2251 3173 δοχῆς
2297 3089 2574 3155 coniecit
2618 3082 2835 3173 εὐχῆς,

537 3192 711 3278 quod
764 3191 892 3257 huc
944 3214 1080 3257 non
1137 3190 1312 3257 facit.
1401 3192 1733 3279 Madvigio
1780 3194 2230 3281 corrigendum
2276 3195 2558 3262 videtur:
2613 3189 2835 3281 ῶσπερ

537 3316 776 3402 ἱερῶν
824 3314 1116 3401 δοχέως
1163 3320 1274 3381 aut
1313 3316 1800 3403 ίεροδοχέως.
1874 3316 2301 3386 Scribendum
2336 3323 2521 3407 puto:
2571 3306 2837 3387 ΧΟΛΙ-Ῑ(

535 3464 655 3527 pro
707 3428 1015 3526 ΔΟΧΙΪΙΕ,
1077 3442 1118 3506 i.
1184 3463 1235 3507 e.
1299 3434 1517 3527 ῶσπερ
1585 3443 1831 3529 ἱερεῖον
1895 3445 2094 3529 χολῆς
2156 3440 2245 3531 μὴ
2302 3441 2665 3530 παρούσης.
2756 3445 2837 3511 cf.

536 3570 598 3634 p.
650 3549 771 3613 141
787 3570 838 3614 e.

715 3669 1076 3739 Adversus
1121 3671 1446 3740 Colotem
1491 3696 1544 3739 c.
1581 3675 1625 3739 2
1672 3672 1760 3761 (p.
1805 3676 1973 3741 1108
1987 3672 2052 3762 a)
2103 3676 2381 3741 conicio:
2428 3669 2554 3762 ὅρα
2602 3672 2687 3761 δὴ
2722 3674 2835 3742 καὶ

537 3775 773 3845 σκόπει
817 3779 957 3857 πῶς
1003 3773 1292 3866 ἀμυνεῖ
1332 3779 1482 3866 (pro
1528 3774 1781 3867 ἀμύνῃ)
1828 3776 1950 3847 τὸν
1994 3777 2229 3867 ἄνδρα.
2366 3808 2385 3824 ·

718 3885 787 3953 O.
837 3886 873 3951 7
925 3883 1012 3972 (p.
1064 3886 1338 3975 1110e):
1396 3881 1517 3953 τὸν
1577 3875 1706 3953 οὖν
1764 3884 2104 3973 βόρβορον
2159 3886 2271 3955 καὶ
2330 3884 2452 3956 τὸν
2510 3891 2595 3955 τ*
2651 3888 2725 3955 ἐν
2780 3879 2835 3980 ᾧ
2912 3902 2923 3910 ’

541 4010 707 4077 φησι
752 3995 1068 4076 γίνεσθαι
1112 3988 1270 4070 τοὺς
1313 3990 1388 4059 τὸ
1437 3988 1651 4079 μηδὲν
1695 3994 1954 4078 μᾶλλον
1988 4006 2177 4062 τοῖον
2216 3988 2257 4080 ἢ
2294 4007 2483 4066 τοῖον
2522 3996 2835 4081 ἐπιφθεγ-

538 4096 869 4183 γομένους
929 4110 1072 4177 τοῖς
1130 4095 1517 4185 πράγμασιν
1578 4097 1669 4165 κὲ.
1760 4099 2237 4167 Herwerdenus
2303 4104 2656 4188 supplevit:
2723 4102 2837 4170 καὶ

539 4202 662 4271 τὸν
723 4206 996 4291 τῦφον.
1085 4205 1320 4272 Melius
1381 4209 1480 4271 est
1531 4204 1644 4271 καὶ
1699 4202 1822 4273 τὸν
1874 4204 2214 4291 Π[Ηλόν],
2278 4210 2349 4274 in
2407 4232 2536 4295 quo
2592 4210 2835 4276 Amioiz.

539 4313 754 4379 Anon.
825 4312 987 4379 Mez.
1033 4313 1465 4379 consentiunt.
1539 4313 1619 4378 cf.
1664 4336 1725 4397 p.
1778 4314 1903 4379 166
1916 4336 1978 4379 a:
2025 4310 2383 4399 πηλώσεις,
2428 4319 2837 4401 καταβορβο-

541 4415 798 4505 ρῶσεις.
