3200 5175
1433 271 1940 383 0—50—

571 516 818 562 merare
881 493 1008 561 sibi
1069 493 1500 580 proposuisse.
1589 492 1769 560 Num
1832 489 2071 559 κανόσι
2080 543 2103 578 ,
2166 497 2281 560 aut
2342 487 2661 579 ἀριθμοῖς
2716 497 2875 579 post

572 601 857 688 μέτροις,
885 623 1102 687 ·quem
1157 601 1420 668 modum
1475 600 1889 685 exprimunt?
1978 599 2214 666 Nonne
2264 600 2426 666 satis
2474 603 2614 665 erat
2658 601 2875 666 solum

573 707 863 795 μέτρονῖ
935 707 1164 773 Potius
1209 707 1419 793 credo,
1464 707 1783 774 Nostrum
1828 708 1995 774 nihil
2042 708 2220 774 aliud
2265 728 2460 792 quam
2504 703 2749 772 κανόσι
2792 703 2877 772 δὲ

568 813 681 880 καὶ
718 810 1116 900 στάθμαις
1150 811 1297 898 (pro
1328 812 1687 900 σταθμαῖς)
1714 810 1804 881 κέ.
1842 813 2197 899 scripsisse,
2233 835 2397 899 quae
2434 815 2501 879 et
2534 813 2677 898 ipse
2714 813 2878 878 alibi

569 923 928 1007 conjunxit,
973 922 1150 986 velut
1193 943 1256 1006 p.
1293 922 1421 988 807
1453 920 1524 986 d:
1570 922 1847 1004 γωνίαις
1883 917 2232 1005 χρωμένου
2266 916 2379 984 καὶ
2414 915 2705 984 κανόσι
2740 916 2877 984 καὶ

572 1023 982 1112 στάθμαις.
1055 1031 1123 1092 et
1175 1027 1316 1113 alii,
1370 1030 1446 1092 ut
1489 1026 1857 1111 Xenophon
1902 1027 2100 1113 Ages.
2150 1027 2253 1112 10,
2296 1029 2337 1106 ἓ
2384 1026 2445 1092 2.
2491 1025 2657 1092 Plat.
2700 1024 2875 1090 Phil.

569 1158 632 1219 p.
679 1134 766 1199 56
789 1135 853 1199 b.
899 1169 988 1182 -—
1033 1131 1328 1218 Μέτροις
1384 1131 1498 1198 καὶ
1556 1127 1875 1218 ἀριθμοῖς
1940 1131 2289 1198 coniuncta
2341 1135 2497 1198 sunt
2538 1154 2601 1216 p.
2651 1131 2783 1196 720
2808 1132 2877 1196 b.

571 1239 796 1306 Pericl.
843 1262 896 1306 c.
948 1241 1062 1306 16:
1109 1235 1366 1323 ἐβάδιζε
1413 1234 1504 1304 δι’
1555 1232 1857 1325 ἀριθμοῦ
1899 1235 2012 1303 καὶ
2056 1237 2321 1324 μέτρου.

744 1343 850 1412 De
894 1345 1172 1412 virtuto
1217 1345 1292 1412 et
1335 1345 1516 1412 Vitio
1574 1367 1627 1411 c.
1673 1345 1715 1410 2
1764 1340 1855 1429 (p.
1906 1344 2033 1410 100
2060 1342 2143 1431 f):
2198 1343 2310 1410 καὶ
2364 1339 2493 1430 γὰρ
2538 1337 2577 1410 ὃ
2623 1340 2875 1410 καθεύ-

570 1455 790 1537 δουσι,
835 1453 958 1520 τοῦ
1005 1449 1306 1538 σώματος
1349 1447 1562 1530 ὕπνος
1606 1450 1745 1519 ἐστὶ
1790 1450 1901 1518 καὶ
1948 1445 2338 1537 ἀνάπαυσις,
2382 1452 2499 1537 τῆς
2541 1447 2616 1516 δὲ
2652 1451 2875 1536 ψυχῆς

567 1570 791 1626 πτοῖαι
850 1557 962 1625 καὶ
1021 1555 1278 1646 ὄνειροι
1335 1557 1448 1625 καὶ
1507 1557 1789 1645 ταραχαὶ
1834 1556 1924 1624 κὲ.
1995 1558 2111 1625 .Ut
2165 1560 2345 1626 locus
2399 1559 2625 1644 habet,
2684 1559 2876 1624 nulla.

576 1667 746 1732 ratio
794 1669 1080 1752 apparet.
1171 1663 1463 1732 Conicio:
1516 1663 1631 1730 καὶ
1673 1660 1803 1751 γὰρ
1848 1659 2015 1747 δ’[τε]
2062 1660 2481 1732 καθεύδουσι
2526 1662 2633 1748 κὲ,
2688 1667 2763 1730 ut
2806 1668 2879 1730 et

575 1773 934 1838 sententiae
989 1775 1055 1837 et
1109 1773 1421 1839 orationis
1475 1773 1573 1838 vis
1631 1773 1701 1838 in
1745 1772 2063 1857 oppositis
2108 1772 2233 1838 τοῦ
2276 1767 2579 1857 σώματος
2630 1807 2705 1818 --
2756 1771 2879 1854 τῆς

574 1877 650 1945 δὲ
695 1879 913 1964 ψυχῆς
956 1878 1132 1943 insit.

749 1983 1164 2052 Consolatio
1215 1983 1304 2050 ad
1348 1981 1818 2068 Apollonium
1872 2006 1925 2050 c.
1978 1985 2061 2050 15
2105 1981 2195 2070 (p.
2246 1985 2371 2051 109
2400 1982 2495 2072 f):
2540 1979 2687 2050 ἀλλ’
2740 1989 2871 2050 οἴει

573 2088 658 2158 σὺ
705 2086 1044 2177 διαφορὰν
1091 2085 1266 2156 εἶναι
1303 2086 1392 2176 μὴ
1429 2089 1749 2176 γενέσθαι
1784 2087 1954 2177 μηδὲ
1988 2088 2359 2176 γενόμενον
2384 2086 2874 2176 ἆπογενέσθαι;

573 2202 638 2266 εἰ
691 2195 784 2286 μὴ
843 2197 955 2265 καὶ
1012 2197 1130 2282 τῆς
1189 2198 1403 2275 οἰκίας
1451 2196 1566 2264 καὶ
1618 2199 1736 2284 τῆς
1780 2196 2067 2282 ἐσθῆτος
2110 2193 2304 2284 ὑμῶν
2350 2193 2511 2282 μετὰ
2556 2193 2683 2282 τὴν
2728 2198 2872 2264 δια-

573 2302 850 2392 φθορὰν
910 2299 1419 2391 ὑπολαμβάνεις
1488 2302 1639 2372 τινὰ
1715 2301 2055 2392 διαφορὰν
2130 2299 2303 2371 εἶναι
2366 2300 2534 2391 πρὸς
2594 2299 2719 2371 τὸν
2786 2301 2872 2372 ἂν

570 2408 834 2480 οὐδέπω
895 2413 1392 2496 κατεσκευάσθη
1454 2409 1723 2499 χρόνον.
1824 2413 1929 2478 Ita
1983 2412 2163 2479 codd.
2222 2411 2607 2478 Duebneruu
2669 2418 2871 2496 φθο-

572 2516 721 2606 ράν
767 2520 960 2606 dedit,
1006 2520 1310 2587 vitiosam
1357 2520 1607 2587 scilicet
1651 2519 2286 2607 interpretationem:
2334 2517 2545 2584 ‘nobis
2592 2519 2729 2584 vita
2764 2518 2873 2584 de-

569 2626 837 2693 functis’
893 2627 1008 2714 (--=
1052 2623 1217 2712 μετὰ
1269 2622 1396 2711 τὴν
1447 2622 1763 2712 τελευτὴν
1816 2621 2037 2714 ἡμῶν)
2094 2628 2369 2693 secutus.
2470 2625 2624 2692 Non
2679 2627 2873 2693 aliter

571 2732 960 2800 Hercherus.
1053 2732 1178 2801 Sed
1237 2734 1391 2820 quid
1437 2733 1564 2801 sibi
1608 2734 1750 2801 vult
1792 2733 1981 2799 illud:
2042 2733 2253 2799 ‘nobis
2298 2732 2437 2797 vita
2480 2732 2873 2799 defunctis'?

479 2872 488 2887 ·
569 2839 898 2907 Nimirum
943 2841 1266 2928 interpres
1313 2841 1557 2908 latinus
1593 2863 1730 2907 non
1766 2840 2175 2907 intellexerat
2207 2838 2325 2923 τῆς
2360 2836 2647 2922 ἐσθῆτος
2680 2832 2873 2924 ἡμῶν

571 2943 732 3033 μετὰ
784 2944 910 3033 τήν
971 2944 1365 3034 διαφθοράν
1409 2948 1582 3015 idem
1627 2948 1840 3013 valere
1886 2968 1963 3013 ac
2005 2946 2121 3031 τῆς
2165 2944 2450 3030 ἐσθῆτος
2493 2939 2688 3030 ἡμῶν
2733 2946 2873 3010 δια·-

575 3058 952 3142 φθαρείσης
1009 3076 1144 3120 non
1200 3062 1320 3141 τῆς
1377 3053 1524 3123 έσθ.
1575 3050 1771 3141 ἡμῶν
1826 3052 2363 3139 διαφθαρέντων.
2456 3051 2643 3129 Quod
2698 3052 2872 3117 enim

509 3182 528 3197 ·
572 3164 725 3229 ante
785 3163 979 3229 dixit:
1035 3155 1190 3227 ἀλλ’.
1243 3167 1369 3227 οἴει
1425 3156 1512 3227 σὺ
1558 3155 1899 3245 διαφορὰν
1946 3197 2033 3208 -
2078 3154 2569 3243 ἀπογενέσθαι,
2622 3158 2692 3223 id
2737 3180 2872 3225 uno

573 3271 893 3357 exemplo,
965 3290 1082 3355 per
1150 3269 1600 3335 deductionem
1667 3268 1749 3333 ad
1814 3267 2190 3353 absurdum,
2252 3267 2583 3333 declarare
2645 3266 2877 3332 voluit.

575 3376 828 3445 Subicit
859 3378 1082 3464 igitur:
1123 3377 1188 3443 εί
1215 3371 1310 3463 μὴ
1348 3370 1436 3442 σὺ
1465 3371 1651 3461 (οἴει)
1678 3371 1790 3439 καὶ
1824 3369 1951 3459 τὴν
1979 3371 2233 3459 ἐσθῆτα
2259 3367 2449 3459 ἡμῶν
2480 3374 2879 3459 διαφθαρεῖ-

571 3501 722 3568 σαν,
768 3480 935 3551 ἐπὰν
983 3483 1334 3570 διαφθαρῇ
1351 3530 1372 3567 ,
1418 3477 1756 3567 διάφορον
1799 3482 2155 3566 γίγνεσθαι
2172 3528 2193 3563 ,
2240 3474 2323 3545 οὐ
2366 3475 2492 3565 τὴν
2532 3471 2747 3564 αὐτὴν
2789 3480 2877 3567 τῇ

573 3585 836 3657 οὐδέπω
891 3592 1524 3675 κατασκευασθείσῃ.
1615 3587 1768 3673 Vel,
1822 3592 1897 3657 ut
1948 3588 2329 3675 plutarchea
2372 3586 2657 3655 dictione
2702 3592 2875 3673 utar,

571 3690 616 3779 ἡ
663 3692 824 3780 μετὰ
868 3692 992 3781 τὴν
1036 3690 1430 3780 διαφθορὰν
1471 3691 1872 3773 κατάστασις
1914 3695 2031 3779 τῆς
2076 3690 2364 3779 ἐσθῆτός
2400 3692 2582 3760 ἐστιν
2616 3688 2661 3777 ἡ
2700 3688 2873 3777 αὐτὴ

571 3802 652 3889 τῇ
713 3798 842 3889 πρὸ
901 3802 1020 3887 τῆς
1075 3802 1504 3885 κατασκευῆς.
1595 3801 1995 3888 Corrigenda.
2048 3802 2252 3889 igitur
2304 3800 2513 3867 latina.
2557 3802 2875 3886 interpre-

575 3911 760 3996 tatio,
793 3930 926 3977 non
962 3912 1181 3977 textus
1219 3930 1510 3997 graecus.
1576 3907 1921 3975 Praeterea
1959 3909 2351 3995 observetur,
2386 3903 2509 3993 τὴν
2546 3904 2707 3993 μετὰ
2743 3932 2873 3993 την

573 4019 968 4104 διαφθορὰν
1029 4017 1250 4083 οἰκίαν
1307 4014 1419 4082 καὶ
1446 4094 1450 4097 ,
1481 4013 1733 4101 ἐσθῆτα
1790 4020 1987 4083 notae
2042 4014 2443 4083 confusionis
2498 4036 2693 4082 causa
2735 4038 2873 4083 non

571 4126 652 4211 τῇ
706 4119 840 4210 πρὸ
893 4124 1013 4210 τῆς
1053 4124 1463 4207 κατασκευῆς
1507 4123 1689 4210 οἰκίᾳ
1732 4119 1845 4187 καὶ
1892 4120 2156 4208 ἐσθῆτι,
2220 4121 2333 4189 sed
2377 4122 2684 4208 tempori,
2740 4144 2870 4209 quo

571 4232 862 4298 nondum
918 4236 1106 4297 erant
1157 4232 1290 4297 ista
1315 4303 1320 4307 .
1341 4234 1599 4317 parata,
1655 4229 2044 4313 comparari3
2102 4250 2250 4313 pro:
2308 4224 2478 4314 πρὸς
2529 4224 2780 4314 ταύτην
2825 4220 2869 4313 ἢ

575 4332 651 4405 οἰ
709 4337 1320 4422 κατεσκεύαστο,
1377 4336 1548 4422 quod
1606 4336 1843 4401 clarius
1890 4338 2066 4403 esset
2110 4357 2307 4420 quam
2350 4330 2869 4419 κατεσκευάσθη..

752 4442 824 4515 Ο.
869 4445 956 4511 32
1003 4468 1053 4510 s.
1097 4444 1141 4511 f.
1188 4443 1280 4529 (p.
1332 4444 1457 4511 118
1487 4444 1578 4530 c):
1625 4438 1835 4509 καλὸν
1882 4439 1958 4507 δὲ
2002 4439 2114 4507 καὶ
2160 4442 2545 4528 μεμνῆσθαι
2590 4442 2726 4507 τω”ν
2760 4437 2869 4513 λό-
