3200 5175
1264 322 1707 389 „59-

331 503 570 589 quibus
609 502 986 569 adiunctum
1017 496 1665 589 ὑπερφθεγγόμενον
1698 497 1787 567 κέ.
1825 500 2005 567 verbi
2039 493 2279 567 ἀκτέον
2308 499 2629 566 rationem

330 610 724 696 modumque
770 610 1085 695 exprimit.

513 715 888 783 Difficultas
931 737 1066 783 non
1113 718 1213 781 est
1254 714 1326 780 in
1369 708 1626 800 ἀκτέον,
1668 715 1839 800 quod
1873 716 2018 781 loco
2054 714 2420 799 relinquere
2460 714 2625 799 opti-

331 844 516 889 mum
561 826 690 906 est,
735 822 849 887 sed
891 822 962 889 in
1016 821 1199 889 verbi
1241 816 1881 907 ὑπερφθεγγόμενον
1942 821 2417 907 significatione
2476 820 2627 885 defi-

333 928 593 993 nienda.
673 928 1224 1013 Interpretantur:
1269 930 1440 995 elata
1479 950 1637 995 voce
1672 930 2035 1013 enunciare,
2076 928 2265 1014 quasi
2302 926 2627 993 auditores

335 1034 518 1101 surdi
563 1038 794 1120 essent,
839 1036 948 1101 sed
984 1036 1142 1103 haec
1187 1036 1575 1122 significatio
1624 1036 1782 1101 alibi
1824 1058 1959 1102 non
2006 1036 2302 1102 occurrit.
2345 1071 2423 1081 —
2462 1033 2625 1100 Ver-

335 1141 493 1207 bum
543 1136 1166 1227 ὑπερφθέγγεσθαι,
1221 1143 1391 1228 quod
1448 1164 1528 1209 ex
1580 1143 1908 1208 veteribus
1966 1142 2353 1209 testimoniis
2408 1140 2628 1224 sciam,

335 1268 483 1313 cum
546 1248 910 1313 accusativo
972 1270 1288 1333 personae
1335 1252 1449 1315 aut
1491 1249 1588 1314 rei
1648 1248 2078 1334 coniungitur.
2167 1247 2625 1315 Plutarcheum

335 1376 399 1438 p.
445 1352 576 1419 396
605 1352 674 1418 d:
720 1346 1323 1439 ὑπερφθέγγεσθαί
1358 1378 1510 1421 τινα
1556 1349 1823 1442 εὐεπείᾳ
1866 1356 2181 1421 translate
2228 1355 2463 1419 dieitur
2506 1375 2627 1438 pro

195 1549 202 1556 υ
330 1454 807 1544 φθεγγόμενον
849 1455 1293 1547 ὑπερβάλλειν
1325 1457 1478 1528 τινὰ
1513 1456 1799 1549 εὐεπείᾳ,
1844 1483 2053 1547 neque
2088 1460 2217 1527 huc
2251 1459 2427 1525 facit.
2498 1458 2627 1523 Lu-

331 1567 628 1633 cianeum
657 1565 857 1652 (Tox.
883 1566 1047 1655 ·35):
1098 1564 1180 1634 τὰ
1235 1571 1397 1654 ἔργα
1449 1564 1987 1655 ὑπερφθέγγεται
2039 1562 2199 1644 τοὺς
2250 1561 2495 1649 λόγους
2542 1595 2627 1619 =

334 1668 416 1737 τὰ
455 1674 615 1758 ἔργα
643 1671 1006 1758 φθέγγεται
1033 1668 1203 1759 ὑπὲρ
1237 1670 1394 1752 τοὺς
1419 1673 1695 1759 λόγους,
1731 1668 1972 1759 φωνὴν
1998 1667 2238 1757 ἀφίησι
2265 1674 2459 1757 μείζω
2488 1670 2629 1736 τῶν

337 1772 558 1860 λόγων
604 1782 670 1843 et
705 1777 876 1846 Sext.
912 1778 1102 1863 Emp.
1139 1779 1324 1865 Pyrr.
1362 1781 1516 1866 hyp.
1554 1781 1617 1860 3,
1644 1782 1775 1845 244
1811 1780 1937 1845 huc
1983 1778 2327 1865 pertinent.
2378 1776 2629 1845 Eodem

335 1884 536 1970 igitur
579 1886 772 1951 modo
809 1886 918 1952 hic
953 1887 1150 1953 etiam
1187 1887 1667 1971 explicandum:
1712 1887 1911 1953 immo
1950 1885 2165 1970 potius
2200 1884 2463 1951 traduce
2506 1906 2628 1950 nos

334 1990 418 2056 ad
475 2012 680 2057 novos
743 1992 904 2059 istos
969 1992 1445 2078 dithyrambos,
1508 2015 1673 2080 quae
1732 1993 1926 2060 nobis
1990 1990 2202 2059 adfers
2264 1990 2627 2057 evidentius

333 2097 521 2163 nobis
577 2119 974 2183 proponens,
1027 2121 1222 2184 quam
1268 2099 1324 2165 si
1380 2121 1456 2167 ea
1509 2100 1640 2184 ipsi
1696 2099 2081 2167 vidissemus
2090 2148 2109 2183 ‚
2164 2097 2292 2163 vel:
2348 2118 2487 2163 rem
2533 2097 2629 2163 ita

337 2204 719 2289 enarrand0‚
782 2208 858 2271 ut
917 2226 1061 2271 eam
1115 2205 1344 2272 melius
1389 2207 1847 2291 percipiamus,
1904 2226 2099 2289 quam
2154 2203 2210 2269 si
2254 2205 2628 2287 praesentes

335 2310 698 2379 fuissemus.

518 2416 588 2485 G.
621 2419 702 2485 19
742 2416 832 2503 (p.
875 2418 1000 2485 163
1029 2414 1125 2503 a)t
1167 2454 1244 2465 -
1276 2414 1451 2502 πλὴν
1488 2413 1653 2485 ὅταν
1689 2416 1767 2484 έν
1802 2412 2097 2493 δικτύοις
2130 2412 2484 2502 γενόμενοι
2512 2414 2631 2501 (sc.

335 2524 408 2591 οἱ
449 2523 803 2612 δελφᾶνες)ἱ
825 2525 1249 2612 κακουργῶσι
1290 2522 1443 2613 περὶ
1481 2520 1607 2610 τὴν
1642 2519 1879 2612 ἄγραν,
1923 2528 2205 2609 πληγαῖς
2240 2518 2631 2603 κολάζονται

331 2627 639 2718 καθάπερ
701 2632 935 2710 παῖδες
995 2627 1607 2718 ἁμαρτάνοντες.
1698 2631 2068 2700 Hercherus
2132 2631 2211 2696 de
2275 2653 2393 2696 suo
2458 2631 2629 2696 male

335 2739 596 2824 scripsit
662 2733 1149 2824 ἁμαρτόντες
1219 2761 1338 2824 pro
1411 2739 1592 2806 codd.
1657 2741 1935 2806 lectione
2008 2733 2630 2823 ἁμαρτάνοντες,

333 2867 498 2930 quae
557 2845 924 2912 rectissima
976 2849 1100 2912 est:
1155 2841 1461 2931 καθάπερ
1521 2847 1758 2923 παῖδες
1810 2841 1973 2912 ὅταν
2039 2840 2467 2930 ἁμαρτάνωσι
2475 2895 2495 2927 ,
2558 2846 2633 2908 ut

333 2973 534 3035 supra
579 2950 745 3016 dixit
789 2945 954 3017 ὅταν
1001 2951 1441 3037 κακουργῶσι.
1523 2950 1839 3018 Similiter
1884 2951 2049 3018 dixit
2090 2949 2348 3037 Fragm.
2393 2949 2633 3033 XXVI,

335 3059 404 3124 3:
452 3053 672 3142 ῶσπερ
717 3053 844 3141 γὰρ
887 3052 1048 3134 τοὺς
1091 3059 1335 3142 φίλους
1378 3053 1809 3143 ὑγιαίνοντας
1850 3056 1998 3144 μέν,
2042 3050 2133 3124 ἂν
2176 3058 2631 3143 πλημμελῶ-

337 3181 497 3247 σιν,
541 3162 902 3249 ἐξελέγχειν
946 3162 1057 3232 καὶ
1099 3174 1452 3233 νουθετεῖν
1495 3161 1855 3251 κράτιστόν
1898 3165 2096 3232 ἐστιν.

513 3267 1005 3356 Subiunguntur
1022 3271 1209 3338 haec:
1236 3271 1572 3358 μέμνημαι
1593 3269 1669 3338 δὲ
1686 3270 1798 3338 καὶ
1824 3266 2003 3357 παρὰ
2030 3273 2340 3355 Λεσβίων
2360 3265 2632 3355 ἀνδρῶν

333 3371 628 3454 ἀκούσας
672 3380 1010 3464 σωτηρίαν
1051 3374 1204 3445 τινὰ
1248 3377 1454 3465 κόρης
1495 3374 1629 3445 ὑπὸ
1678 3380 1994 3462 δελφῖνος
2041 3376 2113 3442 ἐκ
2146 3372 2484 3460 θαλάττης
2526 3399 2631 3460 γε-

335 3483 605 3551 νέσθαι
633 3480 1000 3569 λεγόμενον
1061 3478 1368 3570 ἀκριβῶς.
1453 3479 1627 3550 Ἀλλ’
1698 3480 1734 3550 ὁ
1792 3478 2125 3560 Πιττακὸς
2188 3477 2633 3566 ἐπιγινώσκει·

337 3592 604 3656 δίκαιον
649 3584 713 3657 δ’
764 3588 902 3658 ἐστὶ
946 3588 1098 3674 περὶ
1143 3586 1402 3658 τούτων
1448 3592 1767 3658 διελθεῖν.
1846 3591 1953 3656 Ita
1998 3589 2178 3656 codd.
2225 3587 2435 3674 Wytt.
2486 3611 2632 3655 con-

336 3699 490 3766 iecit
514 3695 837 3782 γενέσθαι
865 3694 1256 3784 λεγομένην·
1296 3690 1442 3764 ἀλλ’
1487 3691 1523 3762 ὁ
1563 3691 1895 3774 Πιττακὸς
1931 3694 2070 3763 ἐπεὶ
2104 3691 2417 3780 γινώσκει
2453 3689 2633 3782 ἀκρι-

337 3804 504 3890 βῶς,
551 3800 811 3882 δίκαιός
863 3802 1004 3872 ἐστι
1053 3807 1189 3872 κτλ.
1277 3801 1669 3890 Madvigius:
1726 3802 2097 3889 λεγομένην
2152 3797 2275 3870 οὐκ
2328 3799 2633 3890 ἀκριβῶς.

339 3908 466 3976 Sed
509 3910 729 3977 omnia
771 3911 934 3980 haec
990 3911 1212 3996 inepta
1267 3915 1436 3978 sunt.
1517 3909 1858 3978 Sententia
1914 3911 2086 3978 enim
2145 3911 2281 3976 tale
2342 3910 2497 3995 quid
2541 3932 2635 3975 re-

339 4015 569 4103 quirit:
641 4015 912 4084 Memini
958 4017 1036 4082 de
1079 4017 1332 4086 Lesbiis
1381 4018 1627 4103 aliquid
1675 4019 1883 4086 simile
1928 4017 2177 4101 audire3
2232 4037 2354 4102 ego
2410 4021 2635 4082 tamen
2720 4051 2738 4068 .

339 4124 504 4191 bene
547 4143 686 4190 non
729 4122 892 4206 sci03
938 4122 1230 4192 Pittacus
1277 4127 1497 4192 antem
1545 4129 1664 4192 etc.
1745 4123 1997 4191 Vitium
2037 4124 2292 4190 videtur
2336 4145 2372 4186 e
2418 4123 2635 4188 codiee

339 4233 585 4313 ortum,
629 4227 742 4296 ubi
797 4228 1144 4312 scriptura:
1201 4226 1787 4313 (ΑΛ>ΛΕΙ“ΟΜΕΝο
1826 4279 1841 4294 .
1870 4280 1885 4296 .
1930 4229 2311 4297 ΑΙΕΡΙΒω(
2350 4280 2365 4294 .
2396 4280 2409 4294 .
2446 4231 2551 4296 ΛΑ
2596 4253 2635 4295 a

339 4335 602 4406 librario
647 4335 820 4404 male
871 4335 1170 4419 suppleta
1219 4339 1338 4419 est,
1384 4357 1532 4418 pro:
1581 4329 1819 4423 (Ἀλ)λ’
1878 4331 2005 4419 ἐγω
2052 4332 2175 4421 μὲν
2223 4329 2407 4423 offla)
2454 4329 2635 4422 ἀκρι-

339 4441 473 4528 βῶς
517 4436 750 4530 (οὒδα.
823 4436 859 4514 ὅ
911 4437 985 4509 δὲ
1029 4435 1361 4520 Πιττακὸς
1417 4439 1558 4512 ἐπεὶ
1610 4437 1957 4528 γινώσκει,
2013 4439 2273 4523 δίκαιός
2318 4441 2457 4510 ἐστι
2500 4448 2635 4510 κτλ.
