3200 5175
1299 307 1687 371 „5-

340 481 596 572 ᾇνάγκῃ
655 467 1042 550 eonstrietus
1101 484 1280 550 era’n'.
1373 483 1621 560 Quibus
1680 504 1801 569 ego
1857 506 1992 548 non
2040 485 2302 569 aceed03
2361 508 2638 571 namque

341 594 511 678 apud
557 592 873 658 Nostrum
938 615 1072 656 non
1133 614 1262 655 uno
1317 591 1460 656 loeo
1515 585 1724 666 πόνος
1776 591 1947 654 idem
2006 595 2107 656 est
2162 596 2358 677 atque
2414 587 2636 676 ἄλγος,

340 700 535 784 quod,
580 721 726 763 eum
773 699 842 762 in
892 720 967 762 eo
1013 699 1252 782 valeat,
1313 698 1424 782 qui
1471 697 1699 761 morbo
1745 696 2003 760 laborata
2051 695 2231 783 (nam
2280 700 2363 764 ad
2408 685 2634 765 νόσων

339 806 564 872 ἕνεκεν
609 803 887 890 spectat)
939 809 1114 870 reete
1164 789 1511 890 opponitur
1557 804 1751 868 verbo
1791 797 2083 888 ἡδονήνς
2132 806 2421 889 profecto
2460 808 2635 872 enim

339 915 538 978 etiam
579 913 778 994 dolor,
817 912 984 976 sieut
1018 911 1335 994 voluptaS,
1373 908 1682 993 ἐκστῆσαι
1722 906 2046 994 λογισμὸν
2091 905 2465 996 ἀνθρώπου
2502 911 2632 1000 (vel

338 1019 663 1103 λογισμοῦ
719 1013 1120 1101 ἄνθρωπον,
1178 1039 1330 1082 nam
1386 1021 1729 1103 utrumque
1786 1009 2047 1104 dicitur)
2096 1024 2331 1102 potest.
2426 1020 2633 1085 Inter-

340 1126 616 1210 pretatio
672 1124 918 1208 igiturt.
957 1123 1330 1207 ‘eodemque
1382 1145 1651 1187 numero
1707 1124 1956 1188 habens
2002 1124 2295 1190 fraudem
2340 1127 2631 1211 volupta-

335 1235 590 1316 temque
646 1251 790 1294 eum
847 1231 1232 1295 necessitate
1299 1233 1363 1294 et
1415 1229 1646 1295 morbo'
1712 1229 1930 1315 (quasi
1978 1235 2149 1296 esseb
2194 1229 2406 1322 νόσῳ)
2455 1234 2630 1298 haud

329 1340 630 1402 accurata
665 1336 937 1401 videtur.
999 1335 1095 1401 Of.
1125 1336 1313 1402 Fabii
1343 1337 1412 1402 6:
1447 1332 1570 1403 τὸν
1604 1332 1823 1402 πόνον
1854 1369 1937 1396 -,·-
1965 1333 2041 1404 τὸ
2080 1333 2299 1421 ἄλγος.
2346 1363 2406 1424 p.
2449 1341 2532 1404 74
2562 1340 2625 1405 d:
2684 1383 2693 1390 .

330 1443 404 1508 ἐν
461 1443 550 1532 τῷ
606 1454 843 1508 πονεῖν
888 1441 1000 1508 καὶ
1045 1437 1292 1526 ἀλγεῖν.
1366 1445 1446 1508 81
1480 1443 1533 1508 f:
1592 1438 1840 1509 ὀδόντα
1885 1445 2255 1521 πονοῦντες
2301 1438 2341 1529 ἢ
2392 1443 2628 1511 δάκτυ·

309 1555 468 1615 λον.
569 1550 702 1615 360
731 1572 791 1614 e:
853 1544 1158 1633 ἡδονὴν
1217 1549 1540 1634 δεχομένη
1600 1549 1714 1615 καὶ
1774 1547 2033 1616 πόνον
2093 1550 2201 1636 (ef.
2255 1552 2436 1616 Alex.
2493 1551 2627 1638 22).

329 1657 462 1722 475
489 1657 557 1722 b:
613 1653 810 1722 νόσοι
864 1655 975 1722 καὶ
1037 1656 1252 1722 πόνοι.
1327 1657 1458 1722 933
1489 1643 1550 1722 οξ
1603 1652 1721 1733 τὰς
1775 1652 2029 1741 ἡδονὰς
2083 1653 2262 1742 παρὰ
2307 1654 2465 1735 τοὺς
2509 1659 2625 1724 πό-

328 1787 506 1840 νους.
591 1764 720 1828 943
749 1786 814 1828 a:
874 1758 1125 1847 ἡδονῆς
1188 1757 1356 1849 ἀρχὴ
1427 1761 1538 1828 καὶ
1601 1760 1836 1830 πόνου.
1922 1763 2047 1829 561
2081 1765 2136 1828 f:
2195 1760 2311 1842 τὰς
2375 1759 2626 1849 ἡδονὰς

325 1864 602 1956 ἀφαιρεῖ
649 1868 761 1934 καὶ
811 1866 1072 1955 δηγμὸν
1119 1867 1343 1954 ἐπάγει
1387 1869 1500 1936 καὶ
1544 1867 1778 1936 πόνον.
1864 1871 1995 1936 565
2023 1871 2094 1935 b:
2142 1865 2468 1956 ἀλγηδόσι
2514 1870 2625 1937 καὶ

325 1973 578 2051 πόνοις.
664 1976 794 2042 625
822 1977 896 2041 b:
960 1977 1247 2042 πονοῦσι
1296 2008 1379 2030 =
1428 1978 1668 2043 dolent.
1735 1983 1801 2042 et
1852 1978 2113 2061 passim.
2162 2015 2249 2024 -—-
2276 1973 2623 2044 ‘Intaetum
2722 2030 2727 2038 .

325 2085 527 2168 igibur
571 2083 1019 2168 reliquendum
1067 2083 1263 2147 esaiam
1310 2083 1484 2168 Ages
1523 2083 1636 2148 27:
1684 2079 1951 2168 σπάσμα
1997 2081 2108 2148 καὶ
2154 2080 2407 2150 πόνον
2444 2087 2620 2169 ἰσχυ-

323 2187 450 2276 ρὸν
497 2193 690 2274 ἔλαβε
734 2185 810 2254 τὸ
857 2185 1040 2272 ὑγιὲς
1089 2189 1341 2271 σκέλος,
1387 2191 1497 2254 ubi
1535 2189 1903 2275 Madvigius
1951 2213 2290 2275 perperam
2342 2193 2621 2257 correxit

321 2294 527 2363 τόνον
574 2320 691 2381 pro
739 2293 974 2362 πόνον.

498 2437 908 2521 Poplicolae
944 2438 1052 2502 15:
1097 2433 1343 2503 τούτου
1381 2434 1455 2502 δὲ
1491 2433 1697 2503 πάλιν
1735 2436 1809 2503 ἐν
1844 2449 1986 2516 ταῖς
2021 2434 2184 2503 κατὰ
2230 2433 2621 2505 Οὐϊτέλλιον

322 2543 590 2613 στάσεσι
657 2542 1184 2629 διαφθαρέντος,
1247 2547 1477 2628 τρίτον
1546 2545 1628 2631 τῇ
1700 2535 1866 2631 πρὸς
1928 2533 2134 2612 τᾶλλα
2198 2543 2325 2611 καὶ
2385 2547 2616 2612 τοῦτο

321 2650 737 2739 χρησάμενος
781 2648 1102 2739 εὐποτμίᾳ
1140 2689 1223 2699 -
1265 2649 1905 2737 ἐπεῖδεψενόμενον.
1977 2652 2279 2718 Reiskius
2319 2656 2617 2719 coniecib:

318 2756 440 2827 τὸν
484 2764 711 2847 τρίτον
752 2760 832 2845 τῇ
881 2754 1048 2845 αὐτῇ
1093 2755 1261 2842 πρὸς
1304 2783 1374 2823 τε
1421 2752 1587 2824 ἄλλα
1633 2757 1743 2824 καὶ
1788 2760 2033 2824 τοῦτον
2081 2758 2194 2843 (se.
2231 2756 2350 2825 τὸν
2387 2763 2614 2846 τρίτον

320 2864 517 2955 ναόν)
577 2884 762 2953 χρησ.
855 2864 1276 2931 Scribendum
1335 2870 1492 2949 pulo
1541 2888 1686 2931 cum
1735 2864 1965 2932 Corae:
2024 2869 2251 2951 τρίτον
2310 2868 2389 2953 τῇ
2450 2864 2617 2952 πρὸς

318 2964 524 3040 τᾶλλα
569 2968 712 3039 κάν
758 2970 1012 3060 τούτῳ
1059 2990 1245 3057 χρησ.

499 3116 1012 3183 ThemiStOssliS
1055 3118 1164 3182 12:
1210 3118 1417 3181 ταῦτα
1458 3110 1520 3179 δ’
1565 3110 1600 3181 ὁ
1642 3114 1889 3202 Ξέρξης
1926 3111 2015 3193 ὡς
2052 3111 2164 3181 ἀπ’
2208 3112 2476 3196 εὐνοίας
2512 3124 2613 3185 λε-

318 3224 602 3309 λεγμένα
642 3220 1000 3309 δεξάμενος
1038 3218 1219 3307 ἥσθη
1257 3220 1366 3288 καὶ
1404 3222 1625 3299 τέλος
1660 3217 1871 3299 εὐθὺς
1906 3222 2221 3309 ἐξέφερε
2256 3221 2423 3310 πρὸς
2457 3222 2617 3304 τοὺς

320 3326 654 3416 ἡγεμόνας
697 3331 833 3395 τῶν
879 3331 1054 3396 νεῶν
1099 3325 1216 3406 τὰς
1259 3327 1382 3414 μὲν
1427 3325 1633 3407 ἄλλας
1675 3330 1980 3415 πληροῦν
2024 3335 2159 3396 κτλ.
2249 3332 2449 3408 Τέλος
2494 3332 2611 3398 Go-

321 3461 465 3503 raes
533 3441 910 3521 suspectans
976 3437 1302 3503 asteriseis
1367 3437 1629 3521 saepsit.
1701 3436 2065 3522 Madvigius
2114 3439 2388 3502 correxit
2444 3440 2487 3502 δ
2496 3438 2533 3505 έ
2538 3444 2609 3502 λ-

320 3569 495 3621 τους.
548 3582 623 3591 -
676 3542 902 3628 Neque
951 3544 1228 3627 suspicio
1275 3565 1483 3628 neque
1532 3544 1844 3609 correctio
1890 3543 2034 3609 loeo
2084 3547 2263 3631 sunt3
2316 3567 2469 3609 nam
2513 3545 2611 3611 τέ-

314 3656 429 3729 λος
493 3652 569 3715 de
631 3650 1010 3734 imperando
1075 3653 1142 3715 et
1197 3650 1454 3714 decreto
1512 3649 1831 3715 mittendo
1887 3673 2040 3715 usus
2100 3654 2198 3717 esb
2252 3655 2317 3715 e’c
2368 3650 2611 3717 Nossser

314 3758 550 3824 Coriol.
580 3758 645 3822 6:
694 3753 1059 3841 συνιούσης
1106 3753 1180 3821 δὲ
1225 3754 1374 3841 περὶ
1411 3752 1672 3831 τούτων
1707 3794 1780 3803 -
1813 3759 1930 3842 τῆς
1965 3758 2215 3841 βουλῆς
2251 3755 2359 3822 καὶ
2397 3755 2610 3842 μηδὲν

310 3863 532 3941 τέλος
579 3860 1065 3947 ἐκφερούσης
1113 3865 1189 3929 ef.
1237 3864 1477 3930 Lucull.
1525 3866 1629 3929 20.
1680 3868 1744 3929 et
1790 3865 1915 3929 alii.
1966 3864 2044 3929 cf.
2089 3864 2473 3931 PassowiUS.

489 4005 799 4073 Periclis
852 4008 955 4071 13:
1015 4001 1055 4090 ἡ
1111 4001 1239 4091 γὰρ
1295 4006 1370 4072 ἐν
1423 4007 1512 4095 τῷ
1559 4017 1780 4071 ποιεῖν
1827 4001 2125 4091 εὐχέρεια
2168 4004 2280 4071 καὶ
2324 4004 2607 4091 ταχύτης

311 4111 438 4180 οὐκ
483 4113 789 4197 ἐντύθησι
834 4110 1043 4197 βάρος
1088 4116 1260 4201 ἔργῳ
1298 4110 1590 4197 μόνιμον
1627 4107 1788 4178 οὐδὲ
1822 4110 2112 4190 κάλλους
2146 4107 2517 4197 ἀκρίβειαν·
2566 4110 2602 4180 ὁ

312 4218 376 4287 δ’
429 4224 524 4299 εἰς
566 4217 690 4304 τὴν
738 4218 1002 4303 γένεσιν
1043 4221 1134 4309 τῷ
1181 4214 1370 4309 πόνῳ
1417 4221 2039 4303 προδανεισθείς
2085 4216 2369 4305 χρόνος
2415 4219 2489 4285 ἐν
2524 4223 2603 4308 τῇ

310 4331 603 4414 σωτηρίᾳ
653 4328 775 4392 τοῦ
821 4325 1192 4411 γενομένου
1236 4322 1378 4411 τὴν
1426 4323 1658 4411 ἰσχὺν
1704 4321 2140 4392 ἀποδίδωσιν.
2231 4327 2603 4414 Madvigius

309 4437 875 4521 προσδανεισθείς
921 4434 1116 4499 scribi
1163 4434 1354 4498 iussit
1396 4456 1516 4519 pro
1561 4435 2100 4519 προδανεισθείς,
2148 4436 2385 4520 quippe
2432 4436 2603 4521 quod
