3200 5175
1444 223 1528 304 -’
1622 257 1745 322 118
1838 291 1926 302 —

532 440 696 505 tium
749 441 1049 503 truncum
1103 436 1383 502 fortasse
1438 435 2013 520 redintegrandum
2061 434 2277 510 estin
2318 434 2493 500 hunc
2538 435 2845 501 modum:

538 541 744 628 [Τοὺς
805 545 1249 631 προεστῶτας]
1315 545 1472 611 τῶν
1537 543 1833 608 κοινῶν
1888 541 2415 626 ἐγκολπίσασθαι
2478 546 2614 608 κτλ.
2702 543 2847 608 Res

534 659 755 720 tamen
801 654 1048 720 incerta
1092 655 1212 717 est.
1251 715 1270 731 ,

713 759 918 824 Paulo
963 762 1140 842 post:
1190 754 1329 824 ἐπεὶ
1373 758 1446 821 τί
1483 773 1697 841 φησιν
1741 748 1916 839 ἀνὴρ
1961 753 2543 841 θεραπευτικὸς
2576 755 2689 822 καὶ
2726 781 2849 841 φι-

535 868 861 949 λοσοφίας
916 861 1264 949 δεόμενος,
1321 866 1560 948 Σίμων
1606 864 1671 928 εἰ
1713 861 2009 947 γένωμαι
2054 857 2091 930 6
2140 862 2547 948 σκυτοτόμος
2598 902 2672 912 -
2733 903 2848 947 -,

540 975 654 1039 ’ἵνα
699 997 816 1057 μοι
861 971 1424 1057 προσδιαλέγηται
1468 968 1582 1036 καὶ
1618 972 2033 1056 προσκαθίζῃ
2080 964 2171 1048 ὡς
2207 965 2243 1036 6
2275 967 2641 1057 Σωκράτης
2678 971 2847 1038 ἐκεί-

538 1103 699 1156 νοις.
765 1078 870 1144 Ita
907 1079 1090 1144 codd.
1117 1065 1419 1145 Reiskius
1456 1078 1803 1165 legendum
1842 1079 2121 1144 monuit:
2160 1075 2322 1160 ἐπεί,
2358 1081 2445 1161 τί,
2473 1096 2685 1164 φησιν
2727 1107 2850 1157 -;

548 1190 785 1272 Σίμων
829 1186 1146 1270 γένωμαι,
1195 1187 1404 1252 deleto
1453 1184 1546 1252 δέ.
1640 1183 1879 1250 Coraes
1926 1185 2227 1250 coniecit:
2282 1186 2355 1250 τί
2392 1181 2619 1270 φήσει
2664 1180 2849 1271 ἀνὴρ

539 1289 1132 1378 θεραπεύσιμος
1183 1319 1294 1369 -;
1349 1281 1390 1377 ἦ
1439 1295 1680 1376 Σίμων
1733 1289 2061 1376 γένωμαι,
2115 1292 2218 1358 vel
2260 1294 2502 1377 Σίμων
2554 1283 2683 1360 οὖν
2738 1293 2853 1379 γε’-

541 1425 776 1486 νωμαι.
867 1400 1076 1484 Wytt.
1141 1393 1442 1486 ἀρχικός,
1501 1400 1601 1464 vel
1673 1399 1889 1484 potius
1954 1394 2423 1482 θεραπεύσεως
2476 1423 2621 1468 cum
2676 1403 2855 1486 aliie,

544 1508 718 1594 quod
754 1507 1134 1574 Duebnerus
1181 1507 1440 1592 recepit.
1504 1505 1899 1591 Madvigius:
1948 1502 2086 1570 ἐπεὶ
2131 1507 2204 1569 τί
2208 1531 2227 1584 ;
2276 1502 2504 1593 (φήσει
2542 1503 2717 1593 ἀνὴρ
2756 1546 2855 1556 --

542 1618 946 1700 φιλοσοφίας
995 1609 1365 1701 δεόμενος)
1412 1615 1653 1698 Σίμων
1700 1607 1783 1696 δὴ
1829 1611 2125 1696 γένωμαι
2172 1638 2291 1690 -;
2363 1612 2490 1680 Pro
2536 1608 2637 1691 ὥς
2680 1609 2721 1679 6
2762 1619 2855 1680 Σ.

545 1721 884 1798 ἐκείνοις
909 1719 1059 1804 Xyl.
1096 1720 1438 1807 legendum
1477 1720 1754 1800 censuit:
1804 1713 1839 1784 6
1872 1723 2091 1802 Σωκρ.
2132 1713 2221 1796 ὥς
2258 1718 2551 1798 ἐκείνοις.
2580 1757 2664 1768 —-
2697 1719 2855 1787 Vox

543 1823 1023 1913 &comtemnentis
1067 1827 1308 1892 iniuria
1353 1831 1454 1894 est
1501 1829 1817 1910 suspecta.
1897 1825 1981 1892 H.
2026 1827 2066 1892 1.
2114 1826 2475 1892 ostenditur
2518 1831 2853 1911 θεραπευ-

547 1931 738 2001 τικόν
785 1957 918 2000 non
965 1956 1105 2000 esse
1151 1930 1538 2017 φιλόδοξον,
1584 1936 1659 1998 ut
1692 1932 1990 1998 nonnulli
2030 1932 2407 2017 opinantur:
2450 1939 2852 2019 θεραπευτι-

553 2039 672 2120 κός
717 2042 890 2107 enim
936 2041 1177 2106 fatetur
1223 2061 1292 2106 se
1321 2038 1651 2107 Simonem
1702 2039 2043 2106 cerdonem
2089 2041 2191 2104 vel
2218 2040 2411 2107 Dion.
2446 2041 2856 2106 literatorem

545 2151 714 2235 fieri,
778 2152 853 2213 ut
917 2147 1045 2213 sibi
1104 2147 1368 2212 maximi
1431 2145 1802 2231 philosophi
1867 2146 2199 2212 assideant
2252 2151 2318 2212 et
2372 2148 2853 2232 colloquantur.

550 2256 1019 2323 Coniunctivus
1065 2254 1418 2339 γένωμαι
1465 2254 1833 2339 significare
1878 2275 2008 2320 non
2053 2258 2296 2338 potest:
2342 2256 2587 2320 utinam
2620 2258 2855 2342 fierem,

551 2368 626 2430 ut
669 2364 1194 2448 interpretantur.
1270 2359 1339 2426 Si
1374 2365 1595 2426 tamen
1634 2383 1779 2427 cum
1818 2358 2024 2427 Corae
2073 2361 2407 2447 scripseris
2455 2353 2498 2447 ἦ
2533 2361 2857 2448 γένωμαι,

553 2471 620 2536 id
679 2471 874 2536 etiam
935 2469 1298 2534 sententiae
1353 2469 1755 2551 adversatur,
1812 2468 1963 2553 quia
2006 2469 2317 2554 negativa
2361 2471 2697 2554 responsio
2746 2493 2855 2535 ex-

555 2581 901 2663 spectatur.
995 2576 1162 2654 Quid
1225 2575 1426 2662 igitur
1489 2575 1901 2641 faciendum?
1984 2573 2193 2643 Scribi
2258 2579 2541 2661 oportet:
2608 2579 2853 2661 Σίμων

555 2680 743 2772 (ἐγώ)
799 2688 1072 2768 γίνομαι
1125 2721 1197 2731 --
1258 2720 1352 2772 —·
1388 2677 1424 2748 6
1473 2678 1839 2767 Σωκράτης
1894 2680 2174 2766 ἐκεῖνος,
2239 2684 2342 2750 vel
2398 2679 2435 2749 6
2486 2688 2707 2769 Σωκρ.
2764 2680 2859 2762 ὥς

557 2791 857 2873 ἐκείνοις,
903 2794 966 2857 εἰ
1008 2792 1220 2856 deleto
1269 2793 1382 2855 aut
1427 2790 1496 2854 in
1535 2787 1665 2874 ἐγώ
1703 2794 1975 2855 mutat0.
2043 2791 2147 2857 Ita
2184 2793 2505 2857 sententia
2540 2794 2854 2877 expletur.

729 2897 806 2961 In
865 2900 1177 2983 proximis
1224 2899 1421 2965 scrib:
1487 2896 1598 2963 καὶ
1645 2892 1985 2981 κινητικὰς
2032 2892 2243 2982 ὁρμοὶς
2287 2895 2655 2982 ἐντίθησι
2703 2897 2854 2985 (pro

555 3004 939 3090 ἐπιτίθησι).
1022 3003 1226 3071 Simil.
1277 3005 1502 3073 Pericl.
1550 3006 1621 3069 2:
1667 3001 1743 3069 τὸ
1792 2999 1918 3086 γὰρ
1964 2999 2174 3070 καλὸν
2211 3041 2293 3065 -.-
2332 3001 2702 3090 πρακτικὴν
2746 3002 2856 3072 εὐ-

551 3106 687 3189 θὺς
732 3106 950 3195 ὁρμὴν
996 3111 1319 3196 ἐντίθησι.
1391 3134 1453 3195 p.
1499 3112 1695 3177 405f:
1743 3112 2038 3196 δύναμιν
2086 3107 2211 3177 οὐκ
2257 3111 2582 3195 ἐντίθησι.

733 3218 802 3285 O.
829 3220 872 3284 2
901 3216 988 3306 (p.
1023 3216 1264 3303 777d):
1305 3212 1388 3283 οὐ
1423 3213 1552 3302 γὰρ
1590 3212 1632 3302 ἡ
1672 3214 1794 3301 μὲν
1824 3212 2183 3303 Ἀφροδίτη
2220 3255 2294 3265 -
2329 3215 2599 3303 ἐμήνιεν
2636 3257 2711 3265 -—
2746 3258 2857 3307 —‚

553 3322 596 3411 ἡ
661 3320 722 3392 δ’
779 3320 1080 3412 Οὐρανία
1141 3324 1251 3391 καὶ
1300 3320 1650 3409 Καλλιόπη
1706 3322 1816 3389 καὶ
1872 3320 1913 3410 ἡ
1961 3322 2181 3392 Κλειὼ
2230 3330 2542 3411 χαίρουσι
2586 3337 2728 3405 τοῖς
2774 3326 2861 3393 ἐν

555 3428 916 3522 ἀργυρίῳ
987 3432 1598 3517 διαδεχομένοις
1651 3427 1787 3497 τὸν
1846 3427 2107 3514 λόγον.
2198 3432 2501 3499 Reiskius
2556 3434 2858 3499 coniecit:

555 3550 696 3617 τοῖς
750 3534 850 3605 ἐπ’
915 3534 1214 3629 ἀργυρίῳ
1263 3538 1762 3624 διαλεγομένοις
1806 3540 2052 3626 absque
2098 3534 2219 3605 τὸν
2265 3535 2502 3623 λόγον,
2562 3544 2675 3606 aut
2718 3553 2861 3620 τοῖς

557 3642 661 3713 ἐπ’
722 3641 1022 3735 ἀργυρίῳ
1081 3648 1441 3713 διατιθεῖσι
1486 3642 1609 3712 τὸν
1654 3642 1879 3729 λόγον.
1969 3645 2316 3730 Wyttenb:
2372 3657 2514 3725 τοῖς
2558 3642 2659 3712 ἐπ’
2712 3642 2859 3734 ἆργ.

560 3751 1053 3838 διατιθεμένοις
1116 3749 1242 3819 τὸν
1305 3750 1532 3837 λόγον.
1624 3752 1862 3819 Ooraes
1930 3756 1996 3817 et
2058 3753 2416 3820 sententiae
2482 3758 2549 3821 et
2610 3755 2860 3822 Amioti

555 3860 1076 3945 interpretationi
1143 3857 1282 3946 (qui
1338 3863 1752 3945 corrompent
1816 3861 1884 3926 la
1940 3861 2193 3945 dignit&
2245 3862 2359 3927 des
2411 3862 2637 3929 lettres
2692 3886 2861 3949 pour

559 3970 638 4033 de
675 3970 976 4054 l'argent)
1011 3970 1304 4054 proxime
1341 3967 1707 4053 proposuit:
1748 3967 2383 4053 διαλυμαινομένοις
2416 3965 2538 4035 τὸν
2565 3974 2647 4053 λ.,
2687 3971 2860 4055 quod

558 4079 781 4141 tamen
819 4098 858 4139 a
894 4076 1172 4141 lectione
1198 4076 1444 4141 tradita
1481 4076 1741 4141 recedit.
1808 4075 1970 4139 Mihi
2008 4077 2259 4141 videtur
2289 4078 2603 4162 scriptum
2631 4078 2860 4143 fuisse:

564 4163 1256 4271 AnAAeAJOMeNotc,
1305 4182 1474 4267 quod
1521 4181 1821 4247 librarius
1861 4179 2361 4267 διαδεχομένοις
2397 4184 2665 4270 legerat,
2712 4207 2859 4250 eum

561 4289 916 4355 debuisset:
961 4287 1448 4374 λιμενομένοις,
1493 4289 1535 4353 i.
1583 4312 1635 4355 e.
1683 4289 2217 4373 λυμαινομένοις.
2312 4291 2444 4356 l==
2476 4292 2549 4355 Υ.
2598 4291 2641 4355 Ε
2672 4322 2757 4345 =
2789 4293 2856 4358 ΑΙ

564 4394 936 4481 Legendum
984 4397 1213 4481 igitur:
1261 4408 1400 4473 τοῖς
1437 4389 1537 4461 ἐπ’
1581 4390 1881 4484 ἀργυρίῳ
1920 4396 2437 4481 λυμαινομένοις
2472 4391 2593 4461 τὸν
2627 4392 2859 4481 λόγον.
2900 4479 2909 4485 ·
