3200 5175
1503 313 1943 380 ..44-

574 519 771 582 τητας
834 490 1328 580 ἀναφέρουσιν,
1391 518 1428 560 ο
1441 487 1595 560 ῧτω
1608 518 1643 571 ς
1704 487 2025 580 ἀκρασίας
2090 493 2347 578 γίνεται
2400 489 2686 580 μιμητής
2736 498 2897 560 κτλ.

578 604 684 670 Ita
720 604 903 670 codd.
939 626 1106 672 unus
1135 601 1223 668 D:
1271 597 1482 680 οὕτως
1518 600 1792 685 ἐκεῖνος,
1838 623 2003 687 quae
2038 601 2351 668 eorrectio
2390 605 2509 668 est.
2578 599 2892 668 Scriben-

575 709 725 776 dum
777 713 964 796 puto:
1029 703 1233 777 οὕτω
1287 705 1425 792 [καὶ
1472 695 1741 790 οὗτο]ς.
1836 705 1931 774 cf.
1977 730 2039 793 p.
2090 708 2221 774 110
2244 730 2313 774 ez
2373 701 2543 775 ἀλλὰ
2596 705 2707 774 καὶ
2762 701 2895 774 οὗ·

574 840 688 896 τος
733 811 964 894 οὕτως.

756 923 1040 990 Ibidem:
1102 921 1215 990 καὶ
1280 924 1470 990 δοκεῖ
1527 918 1931 1009 πορρωτάτω
1994 921 2117 988 τοῦ
2174 920 2407 1008 ψέγειν
2460 917 2539 989 τὸ
2596 917 2893 1008 αἰσχρὸν

575 1027 647 1098 εἶ
653 1055 782 1099 ναι
828 1021 1269 1117 μιμούμενος,
1317 1051 1392 1096 ac
1437 1035 1775 1116 praeterea
1824 1053 2019 1117 quam
2061 1030 2443 1118 longissime
2480 1053 2521 1096 a.
2556 1030 2891 1115 reprehen-

573 1141 768 1206 dendo
804 1139 1058 1204 videtur
1091 1137 1310 1222 abesse,
1356 1138 1468 1223 qui
1503 1138 1723 1223 turpia
1755 1138 2061 1204 imitetur.
2134 1135 2306 1203 Male
2342 1138 2629 1223 positum
2666 1131 2891 1203 εἶναι

575 1247 1126 1331 transponendum
1171 1248 1325 1331 post
1369 1242 1663 1330 ψέγειν.

757 1351 826 1420 G.
879 1353 962 1419 13
1009 1353 1100 1440 (p.
1145 1353 1230 1421 57
1263 1350 1359 1442 a):
1412 1350 1649 1437 γέλωτι
1700 1347 1869 1438 πρὸς
1914 1347 2036 1418 τὸν
2078 1348 2391 1437 Κύπριον
2440 1347 2893 1436 ένηθούμε-

578 1485 734 1538 νος.
824 1459 1084 1546 Optime
1139 1460 1419 1527 correxit
1463 1457 1776 1526 Cobetus·
1831 1457 2003 1544 γελῶ
2056 1453 2133 1525 τὸ
2180 1453 2349 1543 πρὸς
2390 1453 2513 1524 τόν
2559 1454 2891 1544 Κύπριον

578 1563 1053 1653 ἐννοούμενος,
1117 1567 1261 1635 οοΠ.
1335 1565 1729 1632 Terentiano
1797 1563 2141 1651 (Eunucho
2196 1563 2313 1629 III.
2370 1565 2429 1630 2.
2484 1562 2821 1653 44):‘Th
2864 1616 2887 1632 .

578 1673 733 1758 quid
777 1673 996 1740 rides?
1069 1673 1190 1740 Gn.
1228 1673 1402 1739 istud
1449 1671 1620 1759 quod
1657 1671 1821 1738 dixti
1865 1671 2087 1739 modo:
2128 1671 2139 1757 Ι
2178 1675 2246 1737 et
2287 1671 2450 1738 illud
2498 1671 2577 1737 de
2616 1670 2883 1738 Rhodio

579 1779 822 1846 dictum
869 1802 1015 1847 eum
1061 1781 1132 1846 in
1175 1784 1460 1846 mentem
1506 1779 1727 1846 venit'.
1812 1779 2021 1856 Quam
2066 1782 2311 1846 certam
2358 1779 2881 1845 emendationem

581 1909 694 1952 cur
739 1887 1134 1953 novissimus
1181 1887 1390 1954 editor
1435 1890 1817 1973 aspernatus
1864 1887 1953 1952 sit
1994 1908 2127 1954 non
2176 1889 2465 1972 apparet.

755 1991 825 2060 O.
877 1996 956 2060 17
1016 1993 1106 2081 (p.
1156 1995 1243 2060 60
1269 1992 1365 2080 a):
1421 1987 1709 2079 ὠμότητι
1766 1989 1841 2058 δὲ
1896 1989 2243 2078 χρωμένου
2300 1990 2413 2080 (se.
2459 1992 2581 2058 τοῦ
2626 1997 2883 2060 Πτολε-

576 2099 810 2187 μαίου)
845 2099 956 2166 καὶ
993 2096 1186 2186 ὕβρει
1220 2096 1332 2166 καὶ
1360 2093 2016 2185 ἀποτυμπανίζοντος
2048 2097 2162 2166 καὶ
2196 2097 2619 2176 τελοῦντος
2652 2095 2883 2178 οὐδεὶς

575 2203 818 2292 ἐνέστη
853 2207 991 2272 τῶν
1035 2202 1398 2274 τοσούτων.
1469 2205 1626 2274 Non
1661 2207 1973 2293 intellego
2008 2205 2219 2292 Wytt.
2256 2205 2335 2272 de
2374 2205 2570 2272 verbo
2606 2207 2879 2272 τελοῦν-

573 2336 688 2391 τος
743 2315 1108 2400 εοωΡιιΙοε,
1170 2316 1550 2400 praesertim
1615 2335 1761 2380 eum
1806 2314 1977 2380 Plut.
2042 2313 2119 2378 de
2180 2335 2461 2442 persona
2524 2313 2747 2380 eadem
2804 2315 2875 2380 in

577 2421 819 2489 Cleom.
855 2423 942 2489 33
990 2422 1250 2488 dixerit.
1297 2417 1334 2488 ὁ
1372 2419 1497 2508 μὲν
1532 2418 1661 2507 γὰρ
1697 2417 2012 2506 βασιλεὺς
2048 2414 2251 2498 αὐτὸς
2286 2414 2461 2486 οὕτω
2500 2418 2875 2508 διέφθαρτο

573 2523 700 2615 τὴν
745 2525 970 2616 ψυχὴν
1014 2524 1148 2596 ὑπὸ
1195 2553 1538 2615 γυναικων
1581 2528 1696 2597 καὶ
1739 2525 1990 2611 πότων,
2035 2523 2224 2612 ωστε,
2270 2522 2469 2595 ὁπότε
2507 2524 2718 2615 νήφοι
2753 2525 2872 2615 μά-

576 2640 768 2702 λιστα
811 2635 923 2704 καὶ
961 2635 1488 2715 σπουδαιότατος
1522 2630 1735 2702 αὑτοῦ
1769 2634 2059 2721 γένοιτο,
2104 2630 2420 2713 τελετας
2454 2642 2718 2701 τελεῖν
2762 2635 2875 2701 καὶ

577 2741 928 2830 τύμπανον
975 2745 1146 2829 ἔχων
1191 2741 1268 2808 ἐν
1309 2754 1450 2821 τοῖς
1482 2744 1849 2827 βασιλείοις
1884 2736 2179 2829 ἀγείρειν
2214 2746 2348 2809 κτλ.
2420 2742 2549 2807 Pro
2592 2742 2875 2809 dictione

574 2850 864 2937 pleniore
920 2846 1184 2929 τελετὰς
1238 2856 1453 2917 τελεῖν
1509 2851 1617 2916 hie
1677 2872 1833 2916 usus
1888 2853 1991 2916 est
2042 2850 2241 2916 verbo
2300 2850 2581 2935 simplici
2635 2855 2873 2934 τελεῖν,

574 2959 616 3024 i.
663 2981 716 3024 e.
772 2980 956 3025 sacra
999 2958 1239 3045 faeere,
1296 2942 1500 3045 quod'
1528 2960 1688 3024 item
1749 2959 1891 3025 sani
1949 2958 2231 3024 hominis
2288 2961 2464 3024 certo
2522 2980 2657 3024 non
2716 2960 2873 3023 erat.

578 3065 751 3131 Male
797 3066 1002 3152 igitur
1047 3064 1428 3132 Duebnerus
1473 3067 1679 3131 latine
1729 3066 1954 3131 verbo:
2008 3065 2487 3149 profundentem
2532 3096 2617 3119 =
2668 3067 2875 3132 δαπα-

578 3173 834 3251 νῶντος
888 3172 1192 3259 reddidit3
1249 3177 1317 3238 et
1368 3173 1550 3258 peius
1604 3170 1973 3239 Hereherus
2028 3171 2339 3239 Gatakeri
2393 3172 2877 3257 στρεβλοῦντος

587 3284 858 3366 praeter·
883 3280 1342 3346 necessitatem
1387 3280 1646 3365 recepit.

753 3385 822 3454 C.
869 3388 959 3453 30
1003 3384 1094 3475 (p.
1144 3388 1229 3455 70
1257 3384 1348 3475 o):
1403 3376 1481 3453 εὖ
1535 3383 1611 3452 δὲ
1663 3383 1774 3451 καὶ
1822 3385 2157 3473 Διογένης
2210 3380 2285 3465 ὃς
2330 3383 2469 3453 ἐπεὶ
2512 3382 2881 3473 παρελθὼν

576 3496 670 3573 εἰς
723 3489 798 3561 τὸ
855 3495 978 3561 τοῦ
1029 3497 1366 3561 Φιλίππου
1421 3490 1875 3581 στρατόπεδον
1928 3532 2019 3543 -
2072 3490 2385 3579 ἀνήχθη
2440 3491 2609 3580 πρὸς
2663 3488 2875 3561 αὐτὸν

583 3638 662 3649 -
703 3638 788 3648 -
826 3604 955 3688 ἔφη
1001 3608 1136 3669 κτλ.
1210 3603 1515 3687 Ineptum
1559 3603 1668 3669 hie
1714 3606 1815 3668 est
1859 3597 2205 3688 ἀνήχθη,
2250 3624 2370 3688 pro
2416 3623 2543 3686 quo
2592 3602 2873 3669 seriben-

577 3708 758 3773 dum:
815 3703 1150 3793 ἀπήχθη.
1238 3708 1485 3775 Eadem
1542 3710 1781 3795 repetit
1824 3734 1887 3796 p.
1934 3711 2065 3777 606
2094 3732 2155 3795 e,
2210 3708 2380 3775 unde
2423 3709 2595 3777 idem
2642 3712 2873 3779 vitium

575 3814 984 3881 eximendum
1030 3818 1145 3881 est.

701 3999 714 4011 ι
755 3920 825 3989 C.
872 3923 957 3990 33
1007 3920 1098 4008 (p.
1136 3923 1221 3988 72
1249 3919 1349 4009 b):
1395 3919 1534 3989 ἐπεὶ
1581 3916 1645 3988 δ’
1698 3915 1851 3989 οὔτε
1896 3923 2042 4007 φῶς
2086 3919 2395 4009 λαμπρὸν
2436 3919 2683 4010 ὄμματι
2718 3928 2871 4010 φλε-

574 4032 930 4116 γμαίνοντι
975 4028 1438 4116 προσοιστέον,
1493 4025 1639 4096 οὔτ’
1694 4024 1996 4115 ἐμπαθὴς
2040 4026 2219 4116 ψυχὴ
2264 4034 2647 4117 παρρησίαν
2688 4026 2869 4098 ἀνα-

577 4136 885 4225 δέχεται
929 4136 1041 4204 nal
1085 4140 1460 4205 νουθεσίαν
1504 4133 1817 4224 ἄκρατον,
1864 4136 1939 4204 ἐν
1981 4146 2123 4218 τοῖς
2166 4136 2690 4226 χρησιμωτάτοις
2734 4138 2877 4206 έστί

573 4250 708 4313 κτλ.
796 4242 880 4311 In
933 4247 1036 4313 his
1092 4242 1480 4332 ἀναδέχεται
1536 4246 1921 4313 mendosum
1976 4250 2075 4313 est
2126 4270 2335 4333 neque
2387 4248 2723 4314 notionem
2767 4250 2873 4315 ad·

573 4354 874 4439 mittendi,
921 4377 1084 4439 quae
1130 4355 1201 4420 in
1236 4354 1661 4440 προσίεσθαι,
1709 4353 2103 4441 ἐνδέχεσθαι
2138 4355 2327 4441 inest,
2362 4356 2601 4423 habere
2637 4360 2867 4443 potest.

587 4458 1005 4527 Scribendum
1063 4462 1265 4548 igitur
1339 4465 1452 4529 aut
1515 4455 1879 4547 ἀνέχεται
1941 4464 2085 4529 coll.
2142 4484 2193 4529 c.
2250 4463 2334 4528 72
2362 4485 2424 4529 e:
2494 4466 2871 4551 παρρησίαν
