3200 5175
1244 334 1671 399 „55-

311 516 404 581 sie
437 514 744 599 exponit:
816 512 1170 588 Αἰνειᾶνες
1217 548 1295 559 --
1348 509 1819 589 ἐξανᾰστάντες
1870 507 1947 577 τὸ
2000 512 2267 595 πρῶτον
2330 506 2601 601 ᾤκησαν

309 618 458 706 περὶ
503 616 630 705 τὴν
676 622 1050 702 Αἰθακίαν,
1097 612 1260 683 εἶτα
1315 616 1464 704 περὶ
1525 614 1651 703 τὴν
1704 619 2107 683 Μολοσσίδα
2149 616 2263 683 καὶ
2310 622 2601 685 Κασσιο-

309 748 537 810 παίαν.
591 744 1030 830 Supplendum
1058 744 1284 830 igitur:
1313 782 1398 791 —
1437 746 1532 821 εἰς
1567 749 1880 821 Αἴθικας·
1922 738 2244 826 [”ΕΠΕΙτ’]
2287 726 2601 811 ἘΚΕῙθεν

309 854 428 935 τῆς
473 852 882 929 Μολοσσίας.
1805 866 1809 869 ’

383 978 388 981 ·
492 958 572 1023 In
618 958 841 1024 eodem
878 980 1014 1041 eap.
1040 980 1160 1042 pro
1206 958 1443 1043 ineptis
1480 955 1592 1022 καὶ
1632 960 1995 1043 προσαίτης
2030 952 2130 1023 ὤν
2176 958 2469 1023 desidero
2514 954 2605 1035 ὡς

313 1061 799 1150 προσαιτήσων.
880 1067 1024 1129 Καί
1062 1086 1208 1129 eum
1254 1059 1344 1141 ὡς
1390 1086 1580 1150 saepe
1622 1064 2053 1130 confunditur.

465 1170 563 1237 O.
605 1174 684 1237 17
722 1171 810 1258 (p.
849 1169 1064 1258 295b)
1102 1173 1238 1237 τῶν
1275 1168 1349 1235 δὲ
1386 1174 1787 1256 Κορινθίων
1822 1160 2116 1256 πόλεμον
2164 1166 2391 1249 αὐτοῖς
2432 1171 2603 1255 ἐξερ-

311 1279 708 1364 γασαμένων
743 1274 911 1362 πρὸς
946 1273 1293 1362 ἀλλήλους.
1365 1278 1468 1342 Ita
1505 1278 1683 1343 codd.
1722 1282 1788 1343 et
1835 1278 2015 1343 editt.
2055 1278 2268 1363 Wytt.
2306 1279 2606 1344 coniecit:

311 1384 855 1471 ἐξεγειραμένων,
925 1386 1098 1470 quod
1164 1387 1308 1451 loeo
1362 1408 1496 1450 non
1563 1385 1863 1469 quadrat,
1918 1386 2031 1449 ubi
2094 1407 2306 1450 sermo
2362 1390 2463 1450 est
2524 1387 2605 1450 de

308 1493 480 1559 bello
527 1494 718 1577 civili,
765 1492 938 1577 quod
985 1490 1305 1558 Corinthii
1349 1494 1417 1556 in
1461 1492 1592 1557 illis
1631 1492 2088 1557 excitaverant.
2164 1491 2374 1557 Serib:
2422 1491 2603 1577 ἐνερ-

307 1598 725 1685 γασαμένων.

491 1706 561 1773 O.
607 1709 694 1773 30
749 1707 841 1793 (p.
899 1708 1028 1774 298
1061 1704 1155 1794 a)'
1209 1710 1307 1785 τίς
1367 1702 1408 1791 ἡ
1464 1704 1614 1792 περὶ
1668 1704 1942 1795 Θρᾴκην
2000 1701 2367 1792 Ἀραίνου
2413 1702 2605 1791 ἆκτής

313 1812 510 1879 codd.
557 1814 632 1879 E.
677 1812 758 1879 H.
806 1814 968 1880 Ven.
1013 1814 1092 1882 P:
1132 1810 1437 1900 Ἀράνου.
1521 1815 2070 1899 Wyttenbaehius
2118 1816 2601 1881 animadvertit:

313 1920 580 1986 ‘Arasmi
621 1926 843 2005 actam,
887 1942 1024 1986 non
1071 1920 1227 1987 alibi
1272 1926 1695 1987 memoratam
1733 1925 2049 2008 reperisse
2097 1923 2221 1988 sibi
2262 1922 2605 1987 videbatur

309 2026 666 2094 Palmerius
723 2029 804 2093 ad
853 2028 1132 2113 Scylacis
1177 2027 1504 2113 Periplum
1553 2052 1616 2114 p.
1664 2031 1769 2095 63.
1813 2053 1932 2115 pro
1979 2025 2275 2095 ’Ἀλαπτα
2318 2030 2414 2094 ita
2464 2050 2601 2094 eor-

310 2135 648 2221 rigendum
704 2134 1016 2201 censens?
1109 2132 1242 2201 Cur
1293 2136 1454 2201 haee
1510 2136 1679 2203 Aeta
1744 2137 1837 2201 ita
1892 2139 2231 2203 nominata
2296 2137 2406 2221 sit,
2460 2136 2602 2221 ipse

312 2240 478 2306 Plut.
515 2242 638 2307 sub
673 2243 868 2307 finem
903 2242 1094 2307 huius
1133 2264 1268 2326 eap.
1301 2243 1604 2325 explieat:
1642 2240 1781 2307 ἐπεὶ
1818 2239 1894 2307 δὲ
1932 2246 2005 2309 οἱ
2043 2240 2167 2328 μὲν
2208 2241 2601 2329 Ἐρυθραῖοι

310 2346 421 2413 καὶ
470 2350 542 2413 oc
592 2345 842 2434 Σάμιοι
897 2344 1021 2433 τὴν
1068 2349 1299 2433 ψῆφον
1353 2342 1687 2433 Ἀνδρίοις
1738 2342 2062 2433 ἤνεγκαν,
2110 2352 2182 2414 οἰ
2230 2346 2305 2415 δὲ
2351 2344 2603 2433 Πάριοι

311 2456 782 2539 Χαλκιδεῦσιν,
820 2449 988 2542 ἀρὰς
1031 2457 1268 2520 ἔθεντο
1305 2452 1454 2539 περὶ
1498 2451 1623 2521 τὸν
1658 2452 1868 2521 τόπον
1903 2456 2148 2521 τοῦτον
2194 2458 2266 2521 οἱ
2292 2450 2603 2539 Ἀνδριοι

311 2601 397 2612 --
445 2603 520 2611 -
570 2562 681 2630 καὶ
729 2560 841 2630 διὰ
884 2564 1083 2629 τοῦτο
1129 2559 1683 2650 προσηγόρευσαν
1736 2557 1946 2648 ἀκτὴν
1995 2558 2339 2648 Ἀραίνου,
2386 2587 2421 2628 e
2467 2565 2602 2651 qui-

312 2672 434 2736 bus
491 2677 759 2758 apparet
811 2693 1052 2737 nomen
1103 2667 1418 2757 Ἀραίνου
1475 2671 1713 2737 falsum
1775 2693 1917 2737 esse
1973 2677 2039 2736 et
2100 2670 2603 2736 rescribendum:

304 2773 378 2843 'A
387 2781 525 2865 ραί
529 2801 623 2843 ου
677 2772 871 2862 ἀκτή,
927 2801 1082 2844 nam
1129 2772 1166 2842 ὁ
1219 2774 1452 2860 τόπος,
1505 2775 1656 2862 περὶ
1712 2771 1795 2842 ὃν
1860 2772 2025 2864 ἀρὰς
2076 2781 2377 2843 τίθενται
2432 2782 2604 2842 reete

305 2881 568 2968 Ἀραΐος
611 2885 738 2950 dici
781 2889 1015 2970 potest.
1177 2891 1182 2894 ’

489 2991 568 3056 In
604 2993 830 3058 eodem
867 3015 1006 3078 eap.
1042 2994 1120 3057 de
1156 2993 1504 3078 participio
1543 2989 1971 3078 ἐμπαρέντων
2003 3015 2139 3058 non
2172 2996 2346 3059 reete
2375 2992 2606 3079 Patzig

313 3100 643 3165 iudicavit:
701 3097 1091 3186 *ἐμπαρίημι
1106 3149 1125 3183 ,
1180 3100 1417 3186 inquit,
1472 3101 1642 3185 quod
1698 3100 1895 3186 vulgo
1962 3101 2221 3166 lamandi
2271 3101 2603 3166 notionem

311 3206 529 3292 habet,
572 3208 716 3273 loeo
763 3229 894 3272 non
939 3206 1280 3273 convenit?
1365 3205 1538 3272 Satis
1587 3211 1686 3272 est
1732 3207 2075 3272 admonere
2120 3230 2429 3292 praesens
2471 3229 2603 3273 non

317 3313 693 3399 ἐμπαρίημι,
739 3315 850 3380 sed
898 3313 1180 3400 ἐμπείρω
1229 3309 1609 3401 (ἐνεπάρην,
1655 3312 1993 3400 ἐμπαρείς)
2037 3336 2194 3380 esse.

493 3419 560 3486 G.
609 3421 694 3487 38
751 3418 841 3507 (p.
890 3421 1020 3486 299
1047 3419 1114 3508 f)
1168 3419 1622 3504 corrigendum
1667 3423 1853 3504 puto:
1903 3421 2310 3502 Λευκίππην
2364 3420 2604 3503 λαχοῦ-

315 3544 460 3594 σαν
503 3537 872 3614 παρασχεῖν
913 3549 1032 3612 pro
1076 3529 1456 3610 Λευκίππης
1491 3521 1845 3609 λαχούσης,
1882 3547 2046 3609 quae
2091 3526 2155 3591 h.
2192 3527 2235 3591 1.
2270 3527 2424 3592 ferri
2470 3521 2605 3592 nen

311 3640 599 3718 possunt.

492 3742 562 3809 O.
608 3743 695 3809 48
753 3739 842 3828 (p.
889 3743 1019 3809 302
1049 3742 1112 3830 e)
1165 3743 1236 3806 in
1301 3743 1564 3807 nomine
1630 3741 1903 3807 obscuro
1966 3745 2033 3806 et
2105 3742 2398 3807 inaudito
2461 3737 2602 3827 Ἐρ-

313 3859 532 3931 γιαῖος
549 3871 789 3916 nomen
805 3856 1034 3916 notum
1055 3854 1120 3916 et
1137 3849 1384 3916 Nostro
1404 3850 1715 3914 usitatum
1739 3841 2040 3933 Ἐργῖνος
2061 3845 2149 3936 (v.
2169 3849 2348 3914 Arat.
2374 3850 2472 3914 18.
2488 3848 2603 3935 33)

315 3956 518 4020 latere
579 3959 758 4040 puto.
850 3955 1356 4023 Permutationis
1422 3978 1617 4022 eausa
1679 3956 2021 4040 perspicua
2084 3959 2213 4020 est:
2278 3957 2347 4020 ΑΙ
2398 3985 2481 4008 z
2534 3957 2603 4020 Ν.

314 4059 565 4126 Eodem
611 4062 802 4126 modo
848 4084 966 4146 pro
1016 4065 1288 4140 Φαῦνος
1332 4085 1667 4148 perperam
1715 4061 1871 4127 alibi
1922 4056 2219 4137 Φαύλιος
2261 4062 2516 4147 legitur.

496 4167 565 4234 O.
613 4167 700 4234 52
745 4165 832 4255 (p.
872 4170 1002 4235 303
1030 4167 1130 4257 b):
1175 4174 1274 4247 τίς
1319 4171 1518 4252 αἰτία,
1565 4162 1656 4234 δι’
1698 4164 1795 4253 ἢν
1842 4163 2089 4232 Ἠλεῖοι
2144 4164 2262 4245 τὰς
2316 4163 2608 4245 ἐνόδας

319 4276 562 4354 ἵππους
597 4269 781 4353 ἐκτὸς
820 4270 1018 4362 ὅρωτῑ
1041 4270 1406 4360 ἀπάγοντες
1447 4271 1869 4359 βιβάζουσινς
1905 4274 2277 4360 Wesseling
2306 4275 2606 4341 coniecit:

318 4378 435 4460 τὰς
479 4379 831 4470 ἐνθόρους,
877 4384 1146 4468 salace8‚
1191 4382 1572 4467 prurientes,
1653 4380 1869 4466 Wytt:
1914 4377 2032 4458 τὰς
2068 4376 2365 4463 ὀνώδεις,
2412 4383 2604 4446 asini—

317 4512 466 4574 nas,
530 4485 730 4556 asinis
796 4490 1288 4557 submittendas.
1386 4486 1720 4554 Sententia
1782 4488 1954 4554 haud
2022 4488 2212 4554 dubie
2270 4488 2605 4554 notionem

425 4604 664 4657 Symbolae
691 4606 879 4647 criticae
906 4610 953 4647 et
977 4606 1206 4656 palaeogr.
1236 4605 1286 4644 in
1313 4603 1432 4644 Plut.
2148 4599 2180 4646 5
