3200 5175
1511 336 1940 399 -76-

585 508 730 579 οὐδ’
792 514 1040 595 ἔστιν,
1098 508 1264 577 ἀλλὰ
1321 513 1520 578 τοῦτο
1567 507 1731 579 αὐτὸ
1779 510 2290 599 μεταβάλλει,
2348 536 2431 579 ne
2474 520 2563 581 est
2606 516 2878 601 quidem,

585 621 695 686 sed
741 622 866 687 hoe
899 622 1139 705 ipsum:
1185 624 1481 686 mutabwr.
1557 618 1628 685 Si
1662 621 1877 706 home,
1924 620 2157 706 inquit,
2202 622 2374 687 idem
2411 644 2547 687 non
2584 626 2703 705 est,
2746 644 2878 689 non

588 730 760 791 reete
807 747 952 792 eum
997 746 1124 791 esse
1167 724 1421 811 dixeriS,
1467 726 1578 791 sed
1622 729 1855 792 mactari
1864 754 1879 814 3
1924 728 2519 811 praedicamentum
2566 728 2705 794 eius
2746 750 2878 794 non

581 836 744 901 illud
785 834 1052 899 verbum
1062 884 1080 919 ,
1129 832 1240 898 sed
1285 832 1396 899 hoo
1449 836 1563 898 est.
1656 833 1863 919 Ergo:
1913 827 2059 899 οὐδ’
2104 836 2306 918 ἔστιν,
2352 828 2521 901 ἀλλὰ
2552 831 2876 921 μεταβάλ-

582 945 699 1006 λει.
773 932 958 1007 Αὐτὸ
1005 942 1204 1006 τοῦτο
1254 940 1578 1026 signifieat
1621 940 1747 1005 hoe
1792 940 2040 1025 ipsum,
2082 940 2249 1005 nihil
2295 941 2469 1007 aliud
2514 964 2727 1028 quam.
2800 942 2875 1008 cf.

579 1067 640 1131 p.
689 1047 820 1111 875
849 1070 909 1111 a.
961 1048 1134 1113 1060
1162 1048 1222 1112 b.
1275 1047 1444 1114 1128
1473 1068 1512 1111 a
1559 1050 1677 1113 ete.
1760 1046 1851 1113 Et
1893 1046 2187 1132 profecto
2233 1048 2357 1115 hoe
2403 1048 2619 1132 ipsum
2666 1053 2874 1115 osten-

581 1150 731 1217 dere
785 1152 1100 1237 instituit,
1155 1152 1486 1219 hominem
1543 1174 1678 1218 non
1732 1172 1880 1238 esse,
1938 1154 2049 1219 sed
2100 1156 2355 1219 mutari.
2448 1152 2548 1222 Of.
2590 1155 2875 1221 initium:

579 1252 743 1343 ἡμῖν
797 1254 922 1343 μὲν
973 1254 1103 1345 γὰρ
1159 1254 1373 1336 ὄντως
1425 1260 1548 1325 τοῦ
1601 1254 1775 1325 εἶναι
1831 1256 2133 1344 μέτεστιν
2190 1254 2422 1345 οὐδέν,
2476 1255 2645 1327 ἀλλὰ
2699 1262 2875 1328 πᾶσα

579 1371 800 1450 θνητη
866 1364 1070 1451 φύσις
1116 1404 1198 1413 --
1246 1362 1481 1451 φάσμα
1544 1364 1813 1452 παρέχει
1876 1364 1990 1433 καὶ
2055 1363 2339 1451 δόκησιν
2402 1361 2712 1454 ἀμυδρὰν
2766 1368 2875 1435 καὶ

581 1466 900 1557 ἀβέβαιον
945 1467 1151 1557 αὑτῆς
1195 1470 1285 1538 κέ.

758 1577 827 1644 Ο.
880 1580 960 1645 19
1007 1577 1099 1664 (p.
1146 1580 1277 1644 392
1305 1578 1396 1665 f)·
1451 1570 1602 1646 ὦδε
1658 1552 1943 1665 μάλιστα
1997 1575 2121 1665 τὴν
2167 1578 2408 1666 νόησιν
2455 1579 2876 1668 ὑπεριδόν-

457 1720 466 1729 ·
580 1707 702 1762 τες
754 1685 877 1750 τοῦ
922 1682 1205 1771 χρόνου,
1257 1683 1334 1752 τὸ
1384 1685 1749 1771 ἐνέστηκε
1794 1685 1905 1753 καὶ
1951 1684 2025 1753 τὸ
2070 1683 2405 1773 πάρεστι
2452 1686 2563 1755 καὶ
2608 1684 2685 1755 τὸ
2731 1691 2880 1755 νῦν

579 1789 1056 1878 φθεγγόμεθα,
1120 1793 1320 1859 τοῦτο
1387 1783 1474 1859 αὖ
1529 1790 1732 1860 πάλιν
1788 1818 1989 1878 αγαν
2046 1792 2533 1881 ἐκδυόμενος
2588 1790 2625 1860 5
2682 1784 2878 1881 λόγος

579 1895 926 1966 ἀπόλλυσι.
1003 1899 1212 1966 Locus
1259 1900 1427 1965 male
1474 1904 1541 1965 et
1582 1901 1846 1967 habitus
1895 1904 1959 1966 et
2004 1902 2373 1969 intellectus
2422 1906 2488 1967 et
2536 1907 2875 1971 correctus.

579 2006 724 2091 Ald.
770 2005 922 2072 Bas.
967 1994 1020 2095 ᾧ
1070 2003 1151 2070 δέ
1189 2027 1309 2092 pro
1357 1994 1502 2071 ωδε.
1580 2005 1796 2091 Wytt.
1836 2008 2137 2074 coniecit:
2185 2010 2248 2074 εἰ
2283 2008 2364 2075 δέ
2394 2012 2461 2075 et
2494 2010 2692 2095 paulo
2731 2015 2877 2095 post

578 2112 668 2201 τῷ
715 2108 957 2201 χρόνῳ.
1030 2112 1380 2179 Eusebius:
1430 2112 1882 2198 ἐπερείδοντες
1917 2118 1982 2180 et
2020 2138 2197 2182 mox:
2245 2110 2419 2199 ἄγαν
2456 2114 2874 2201 ἐκδυόμενος.

578 2218 963 2285 Duebnerus
1030 2242 1202 2285 corr:
1268 2215 1749 2305 ἀναδυόμενος.
1843 2220 2066 2307 Wytt:
2125 2217 2260 2307 ἅμα
2324 2220 2435 2287 καὶ
2492 2218 2873 2308 λεγόμενον.

576 2324 905 2390 Reiskius:
965 2314 1016 2418 ᾧ
1075 2323 1149 2392 δὲ
1207 2322 1492 2412 μάλιστα
1536 2324 1663 2413 τὴν
1708 2324 1951 2413 νόησιν
1997 2323 2438 2415 ὑπερείδομεν
2484 2331 2587 2395 vel
2631 2329 2874 2417 ἐπερεί-

579 2431 785 2516 δομεν
835 2468 912 2479 —-
963 2429 1424 2519 φθεγγόμενοι
1475 2472 1550 2483 -
1601 2430 1806 2500 πάλιν
1861 2430 2013 2519 ἅμα
2060 2434 2489 2521 ἐκδυόμενοςς
2545 2440 2659 2501 aut
2704 2433 2875 2523 ἄγαν

579 2541 728 2603 ante
789 2536 1218 2624 διιστάμενον
1273 2540 1737 2606 collocandum.
1791 2576 1866 2587 —-
1917 2540 2062 2628 Ego
2121 2542 2529 2610 scribendum
2574 2548 2763 2630 puto:
2822 2536 2874 2637 ᾧ

579 2640 653 2708 δὲ
697 2641 980 2730 μάλιστα
1025 2642 1151 2732 τὴν
1207 2672 1265 2713 ν.
1312 2642 1803 2733 ὑπερείδοντες,
1858 2649 1960 2713 vel
2017 2647 2489 2735 ἐπερείδοντες,
2542 2651 2667 2718 τοῦ
2725 2649 2873 2740 χρό-

576 2775 704 2818 νου
756 2790 844 2799 -
893 2790 997 2838 -,
1052 2753 1250 2818 τοῦτο
1297 2742 1387 2819 αὖ
1429 2749 1633 2818 πάλιν
1678 2751 2301 2840 παρεισδυόμενος
2346 2752 2383 2822 5
2430 2754 2630 2842 λόγος
2676 2753 2872 2826 ἀπόλ-

448 2867 457 2872 “
576 2862 750 2944 λυσι,
812 2862 894 2925 ut‘
955 2861 1113 2926 ordo
1178 2862 1521 2927 verborum
1575 2859 1684 2926 hie
1740 2862 1855 2926 sit:
1919 2863 2117 2928 τοῦτο
2178 2859 2251 2928 δὲ
2307 2861 2409 2951 (το
2467 2862 2695 2953 μέρος)
2752 2867 2872 2932 τοῦ

576 2963 857 3052 χρόνου,
911 2957 965 3058 ᾦ
1022 2966 1308 3053 μάλιστα
1351 2964 1476 3054 τὴν
1523 2964 1767 3052 νόησιν
1815 2966 2266 3056 ἐπερείδοντες
2309 2967 2384 3036 τὸ
2432 2971 2741 3058 ἐνέστηκε
2794 3013 2865 3021 -

577 3068 1046 3159 φθεγγόμεθα,
1090 3076 1288 3141 τοῦτο
1337 3064 1426 3140 αὖ
1469 3071 1673 3140 πάλιν
1718 3080 1852 3141 κτλ.
1898 3077 1937 3140 i.
1976 3099 2027 3142 e.
2067 3099 2209 3142 eam
2256 3083 2508 3162 partem
2544 3083 2871 3167 temporie,

579 3181 684 3246 cui
729 3181 1130 3267 retinendae,
1175 3183 1276 3246 vel
1323 3183 1425 3246 eui
1471 3182 1963 3268 intellegendae,
2008 3185 2283 3249 maxime
2331 3185 2618 3252 animum
2663 3187 2869 3253 inten-

575 3288 844 3374 dentes,
888 3289 1166 3354 maxime
1225 3289 1608 3375 innitentes,
1672 3290 1919 3356 instans
1963 3327 2047 3338 --
2106 3290 2375 3358 dicimus
2385 3343 2405 3378 ,
2465 3315 2604 3358 eam
2660 3294 2870 3379 ipsam

575 3416 831 3460 rursum
895 3396 1062 3462 ratio
1093 3396 1581 3481 interveniens,
1642 3397 2009 3484 insinuans,
2067 3399 2296 3483 perdit.
2378 3394 2539 3484 Τὴν
2584 3398 2870 3486 νόησιν

573 3496 1028 3588 ὑπερείδειν
1093 3505 1196 3568 vel
1261 3503 1390 3570 ἐπε
1408 3527 1466 3588 ρ.
1529 3504 1701 3569 idem
1766 3507 1867 3570 est
1932 3527 2007 3571 ac
2072 3505 2245 3592 quod
2304 3507 2374 3572 in
2434 3509 2869 3592 superioribus

577 3605 656 3691 (ο.
707 3608 818 3696 18)
882 3610 1070 3676 dixit:
1135 3603 1222 3676 ἂν
1288 3607 1362 3675 δὲ
1425 3607 1566 3696 τὴν
1631 3607 2008 3677 διάνοιαν
2071 3611 2479 3700 ἐπερείσῃς
2541 3613 2871 3699 λαβέσθαι

574 3712 986 3801 βουλόμενος
1048 3715 1151 3801 κέ,
1217 3741 1378 3803 quae
1437 3720 1565 3784 alio
1624 3741 1878 3807 quoque
1934 3721 2195 3786 nomine
2252 3721 2641 3788 eonferenda
2700 3727 2867 3789 sunt.
2963 3717 2969 3724 ’

574 3823 790 3888 Verbo
851 3823 1301 3908 ἐπερείδειν
1345 3827 1623 3890 maxime
1666 3827 2031 3911 proximum
2078 3825 2531 3912 ἐκθλίβεται
2578 3831 2869 3915 quadrat.

574 3929 876 3995 Ceterum
935 3931 1124 3996 facile
1178 3931 1579 4018 intellegitur
1626 3934 1947 4018 quomodo
2002 3936 2742 4004 ΠΑΡΕΙΕΔΥΟΜΕΝΟΕ
2800 3938 2867 4002 in

573 4036 1380 4124 (Α)ΙΆΡΕΙ(ΔΥΟΜΕΝΟΕ
1425 4043 1799 4125 corruptum
1844 4040 2059 4105 fuerit.
2123 4042 2202 4107 ef.
2248 4041 2381 4108 Vit.
2421 4043 2611 4129 Agid.
2651 4044 2692 4108 3
2729 4044 2866 4109 init.

570 4165 630 4228 p.
678 4145 810 4209 216
839 4146 898 4210 b.
946 4145 1076 4211 240
1105 4165 1160 4210 a.

745 4250 852 4316 De
887 4249 1194 4332 Pythiae
1241 4251 1556 4318 oraculis
1603 4274 1655 4318 ο.
1703 4254 1736 4316 1
1784 4252 1872 4340 (p.
1913 4255 2045 4320 394
2073 4253 2167 4343 f).
2214 4252 2297 4322 οὐ
2334 4252 2469 4341 μὴν
2503 4256 2711 4323 ταῦτα
2746 4254 2864 4342 μά-

575 4362 766 4422 λιστα
802 4353 1172 4441 θαυμαζειν
1209 4353 1422 4441 αξιον,
1460 4352 1628 4425 ἀλλὰ
1663 4356 1956 4448 πρᾳότης
1992 4384 2061 4426 τε
2092 4358 2347 4447 πολλὴν
2375 4359 2571 4448 χάριν
2600 4366 2863 4448 ἔχουσα,
2890 4442 2900 4452 ,

572 4461 681 4528 καὶ
725 4459 812 4529 τὸ
860 4459 1206 4548 μάχιμον
1249 4461 1360 4528 καὶ
1407 4462 1885 4550 διαπορητικὸν
1930 4462 2063 4534 ὑπὸ
2110 4467 2459 4556 συνέσεως,
2507 4465 2661 4536 οὔτε
2708 4470 2863 4538 δύσ-
