3200 5175
1253 323 1725 388 —113—

340 500 458 581 θὲς
493 495 632 569 οὐκ
671 505 932 588 ἔχοντι
973 502 1244 568 εἰπεῖν.
1309 497 1455 566 Ald.
1488 501 1637 567 Bas.
1676 494 1926 585 ἀληθὲς
1954 502 2235 586 ἔχοντος.
2292 499 2633 567 Postrema

341 611 608 677 diversis
645 612 850 677 modis
890 612 1316 697 corriguntur.
1374 608 1707 675 Reiskius:
1746 607 1856 675 καὶ
1888 604 2165 687 οὐδενὸς
2194 603 2357 675 οὐδὲ
2382 602 2441 674 τ’
2478 607 2629 696 (sic)

337 711 584 801 ἀληθὲς
627 720 896 802 ἔχοντος
942 719 1170 784 εἰπεῖν.
1250 717 1462 802 Wytt.
1509 711 1779 802 εὑρεῖν
1824 718 1929 783 vel
1980 713 2192 783 ἑλεῖν
2236 739 2353 801 pro
2402 719 2635 783 εἰπεῖν.

339 823 642 890 Fortasse
699 825 1136 891 scribendum:
1194 822 1306 890 καὶ
1360 820 1436 890 τὸ
1481 818 1735 908 ἀληθὲς
1782 818 2118 901 οὐδενὸς
2164 820 2359 901 ὄντος
2404 825 2632 889 εἰπεῖν.

339 930 432 997 Ofi·
497 931 682 997 Aem.
747 932 859 997 25:
932 931 1337 1017 ζητουμένου
1407 928 1483 995 δὲ
1544 932 1668 995 τοῦ
1740 929 2011 1016 πρῶτον
2072 926 2458 1017 φράσαντος
2530 924 2635 1007 ῶς

341 1033 610 1115 οὐδεὶς
656 1028 767 1123 ἦν.

512 1182 599 1192 ——
628 1145 741 1231 VI,
783 1148 815 1211 1
857 1144 948 1233 (p.
987 1147 1111 1212 741
1129 1144 1198 1233 b)
1249 1168 1511 1239 sensum
1557 1168 1781 1211 eorum
1832 1169 1995 1231 quae
2044 1146 2417 1214 exciderunt
2458 1145 2629 1209 hunc

338 1254 536 1318 fuisse
593 1254 868 1319 conicio:
923 1247 1071 1318 ἀλλ’
1132 1248 1534 1340 ἡττῶ[μενος
1592 1249 1769 1319 οὕτω
1826 1256 2038 1341 πρᾷος
2090 1251 2241 1338 περὶ
2296 1248 2413 1329 τὰς
2460 1253 2639 1318 διαλ-

339 1355 544 1443 λαγὰς
589 1357 896 1444 ἐγένετο]

515 1467 764 1532 Ibidem
819 1468 888 1531 in
942 1470 1188 1551 quaest.
1236 1467 1366 1531 XII
1427 1468 1709 1533 fortasse
1766 1467 2225 1552 supplendum:
2286 1465 2461 1548 [εἰπέ
2499 1491 2637 1552 μοι,

341 1577 542 1658 ἔφην,
599 1562 652 1639 ῶ
703 1576 1027 1657 Γλαυκία,
1085 1570 1250 1639 κατὰ
1303 1576 1487 1651 τίνος
1541 1580 1828 1659 εἴρηται,
1895 1574 2159 1651 επαῖδας
2214 1570 2338 1659 μὲν
2394 1568 2635 1659 ἄστρα-

345 1678 602 1765 γάλοις]
653 1676 881 1765 ὅρκοις
929 1674 991 1744 δ’
1041 1676 1295 1768 ἄνδρας
1341 1680 1835 1766 έξαπατητέον;’
1882 1681 1960 1747 cf.
2007 1704 2069 1764 p.
2116 1682 2248 1746 330
2278 1680 2318 1745 f.

524 1843 601 1853 -—
643 1805 820 1890 XIV,
858 1807 899 1871 6
939 1804 1026 1891 (p.
1067 1806 1270 1893 745e)
1317 1807 1801 1893 corrigendum:
1847 1817 2001 1884 ταῖς,
2038 1806 2357 1872 ἐντεῦθεν
2402 1802 2634 1872 ἀπιού-

343 1930 489 1990 σαις
535 1912 788 1978 ἐκεῖσε
834 1910 983 1999 (pro
1033 1912 1194 2000 ἐκεῖ)
1241 1924 1497 1999 ψυχαῖς.

518 2058 603 2065 ——
641 2018 815 2106 XIV,
865 2023 900 2086 7
953 2017 1042 2106 (p.
1085 2023 1213 2087 746
1241 2020 1336 2108 f):
1382 2016 1424 2105 ἡ
1473 2019 1546 2087 δὲ
1591 2023 1731 2089 τῶν
1778 2016 2158 2107 ὀφθαλμῶν
2206 2017 2421 2107 ἡδονὴ
2461 2018 2640 2100 εἶδος

343 2163 424 2172 -
463 2128 542 2192 αἰ
580 2125 804 2192 λοιπαὶ
852 2124 978 2192 δύο
1017 2166 1102 2173 —
1140 2130 1651 2214 παραλαβοῦσαι
1688 2130 2075 2214 κοσμοῦσιν.
2147 2127 2435 2213 Xyland:
2481 2123 2524 2213 ἡ
2564 2125 2640 2193 δὲ

341 2234 476 2299 τῶν
541 2229 731 2300 ῶτων
785 2231 897 2299 καὶ
956 2228 1348 2317 ὀφθαλμῶν.
1439 2234 1665 2320 Wytt:
1729 2241 2110 2301 τελευταῖον
2165 2232 2242 2300 τὸ
2299 2229 2390 2299 δι’
2450 2230 2643 2300 ῶτῶν

346 2338 492 2427 (sic)
544 2336 930 2426 ὀφθαλμῶν
973 2365 1043 2406 τε
1091 2335 1341 2425 ἡδονῆς
1387 2336 1585 2425 εἶδος,
1634 2365 1798 2427 quae
1847 2345 2013 2409 sicut
2058 2348 2213 2409 sunt
2256 2342 2643 2408 Duebnerus

347 2448 616 2534 recepit,
660 2449 789 2513 nisi
838 2450 1008 2532 quod
1053 2471 1177 2534 pro,
1220 2442 1601 2532 ὀφθαλμῶν
1647 2472 1718 2514 τε
1768 2450 2031 2534 scripsit
2083 2448 2195 2515 καὶ
2242 2442 2642 2533 ὀφθαλμῶν.

286 2558 294 2566 “
347 2570 656 2658 suppleo:
720 2569 1202 2659 τεΛευτώσης·
1272 2549 1406 2656 [τὸ
1463 2549 1600 2656 Δὲ]
1656 2574 1773 2660 τῆς
1830 2570 1943 2640 διὰ
2000 2555 2194 2641 nim
2254 2569 2475 2656 [ὤτων
2527 2571 2643 2640 καὶ

345 2679 569 2779 NON]
619 2692 998 2784 ὀφθαλμῶν
1041 2695 1296 2784 ἡδονῆς
1342 2696 1537 2778 εἶδος.

523 2861 610 2869 ——
655 2822 797 2908 XV,
843 2825 885 2888 2
933 2823 1023 2910 (p.
1073 2826 1200 2890 748
1230 2823 1322 2912 a):
1378 2823 1489 2890 καὶ
1537 2821 1741 2907 ὅλως,
1788 2827 1949 2910 ἔφη,
1996 2823 2359 2911 μετάθεσιν
2403 2822 2478 2890 τὸ
2528 2830 2644 2890 Σι-

347 2932 706 3015 μωνίδειον
754 2926 881 2996 ἀπὸ
930 2932 1046 3016 τῆς
1093 2934 1469 3020 ζωγραφίας
1515 2929 1620 2998 ἐπὶ
1658 2927 1783 3017 τὴν
1819 2928 2099 3018 ὄρχησιν
2139 2933 2496 2998 σιωπῶσαν
2533 2931 2643 2998 καὶ

348 3037 849 3122 φθεγγομένην·
907 3033 1184 3124 ορχησιν
1232 3036 1309 3104 δὲ
1353 3035 1556 3104 πάλιν
1601 3035 1728 3124 τὴν
1774 3043 2065 3124 ποίησιν.
2154 3040 2456 3107 Mancam
2504 3063 2642 3106 ora-

350 3146 596 3211 tionem
633 3144 845 3230 Wytt.
894 3148 986 3212 sic
1031 3148 1317 3213 refinxit:
1364 3147 1770 3232 μεταθετέον
1804 3144 1879 3214 τὸ
1919 3149 2377 3232 Σιμωνίδειον
2416 3185 2500 3195 -
2541 3146 2645 3214 ἐπὶ

357 3246 481 3335 τὴν
528 3246 841 3337 ὄρχησιν,
886 3248 1012 3338 τὴν
1056 3221 1195 3338 μὲν
1227 3249 1506 3339 ὄρχησιν
1551 3250 1723 3320 εἶναι
1768 3258 2043 3340 ποίησιν
2089 3257 2479 3338 σιωπῶσαν,
2525 3251 2647 3339 τὴν

364 3354 437 3423 δὲ
494 3361 770 3442 ποίησιν
823 3356 1028 3425 πάλιν
1082 3355 1361 3444 ορχησιν
1417 3361 1911 3446 φθεγγομένην.
2001 3360 2239 3425 Lenius
2286 3361 2649 3445 suppletur:

352 3498 726 3585 μετάθεΕΙΝ
777 3503 1024 3583 [ΕΙΝαι]
1072 3496 1147 3567 τὸ
1180 3506 1336 3586 Σιμ.
1382 3497 1511 3567 ἀπὸ
1548 3503 1666 3586 τῆς
1704 3506 1749 3581 ζ.
1789 3500 1894 3567 ἐπὶ
1930 3497 2054 3585 τὴν
2094 3497 2427 3587 ὄρχΗΕΙΝ·
2467 3497 2646 3583 [ταύ-

351 3630 506 3692 την,
566 3609 667 3673 vel
715 3603 1026 3693 ὄρχησιν,
1081 3603 1208 3695 γὰρ
1257 3602 1428 3673 εἶναι
1475 3611 1802 3691 ποίΗΕΙΝ]
1852 3611 2241 3694 σιωπῶσαν,
2288 3609 2398 3675 καὶ
2444 3616 2650 3694 φθεγ-

347 3715 654 3800 γομένην
701 3710 980 3800 ὄρχησιν
1026 3711 1232 3806 πᾴλιν
1265 3711 1392 3799 τὴν
1427 3719 1718 3802 ποίησιν.
1774 3721 1925 3802 post
1962 3712 2243 3803 ὄρχησιν
2281 3718 2493 3783 deleto
2533 3716 2648 3799 δέ,

355 3822 527 3907 quod
581 3823 912 3907 librariUS‚
968 3846 1115 3889 cum
1160 3824 1386 3909 partic.
1435 3826 1797 3891 σιωπῶσαν
1846 3829 1913 3890 et
1957 3823 2434 3910 φθεγγομένην
2479 3826 2651 3888 inter

356 3951 496 3996 sese
561 3932 1008 4017 coniungeret,
1074 3931 1153 3997 de
1219 3954 1336 3998 suo
1402 3932 1663 3998 addidit.
1756 3932 1854 3998 De
1919 3933 2091 3998 dicto
2139 3931 2509 3997 Simoniden
2572 3932 2649 3995 cf.

353 4060 414 4120 p.
466 4039 545 4102 17
577 4037 610 4101 f
650 4060 786 4123 sqq.
851 4038 981 4104 346
1010 4039 1054 4104 f.

532 4143 612 4209 In
659 4146 883 4210 eodem
929 4167 1066 4230 cap.
1114 4168 1162 4210 s.
1208 4147 1251 4210 f.
1302 4145 1430 4212 748
1461 4146 1530 4212 d:
1583 4144 1696 4211 καὶ
1751 4141 1879 4231 γὰρ
1925 4141 2093 4230 αὕτη
2139 4183 2227 4191 -—-
2276 4183 2381 4228 —-—,
2428 4141 2649 4230 ῶσπερ

357 4248 690 4337 τύραννος
733 4246 1034 4337 ὑπήκοον
1080 4249 1280 4339 ἑαυτῇ
1325 4253 1733 4337 πεποιημένη
1782 4248 2110 4337 μουσικὴν
2149 4249 2428 4337 ὀλίγην
2472 4250 2650 4319 τινὰ

359 4359 578 4442 πᾶσι,
623 4355 747 4444 τὴν
787 4355 860 4423 δὲ
897 4355 1075 4445 παρὰ
1113 4371 1254 4436 τοῖς
1288 4360 1460 4425 νοῦν
1499 4361 1725 4443 έχουσι
1762 4358 1852 4425 κε’.
1916 4358 2042 4425 Pro
2082 4360 2295 4425 verbis
2334 4363 2652 4447 corruptis

361 4460 597 4550 ὀλίγην
655 4460 806 4532 τινὰ
852 4467 1012 4532 πᾶσι
1058 4465 1270 4550 Wytt.
1317 4467 1621 4532 coniecit:
1680 4462 1915 4550 ὀλίγον
1959 4462 2082 4552 τὴν
2138 4462 2433 4552 ἅπασαν,
2490 4491 2653 4554 quae

470 4581 714 4634 Symbolae
742 4583 932 4623 criticae
961 4586 1007 4624 et
1033 4582 1263 4633 palaeogr.
1290 4583 1338 4622 in
1368 4583 1487 4626 Plut.
2191 4578 2223 4628 8
