3200 5175
1540 340 1980 407 ...46-

618 521 1086 585 subobscuram
1131 520 1441 604 reddidit3
1499 521 1737 585 clarior
1782 523 1955 586 esset
1999 520 2094 585 ita
2138 520 2527 605 composita:
2573 513 2763 584 ὅταν
2818 542 2963 604 γαρ

615 620 657 710 ἢ
715 626 1076 712 μέλλοντας
1125 666 1208 675 ——
1257 626 1611 712 ἐκκροῦσαι
1669 622 2302 712 ἀναγκασθῶμεν
2346 623 2514 712 πρὸς
2559 622 2811 713 ὁρμὴν
2866 664 2959 673 -

509 778 516 785 ·
615 730 1125 819 ἐνιστάμενοι
1173 771 1254 781 -
1305 733 1687 820 φερομένην
1744 731 1867 818 κὲ.,
1924 738 1997 799 ut
2050 757 2169 819 pro
2228 730 2469 820 δεήσῃ
2526 734 2654 799 alio
2730 734 2964 799 verbo

617 864 1010 927 quamquam
1047 842 1338 907 diversae
1377 842 1733 907 sententiae
1771 846 1935 907 utar.
2000 840 2177 918 Quae
2216 841 2435 907 omnia
2472 864 2665 925 quam
2706 863 2963 907 neces-

615 949 788 1013 saria
835 950 969 1014 sint
1024 949 1152 1014 loci
1212 949 1555 1015 ostendent
1613 948 1782 1034 hice,
1844 951 1973 1015 818
2004 972 2069 1014 a:
2136 947 2240 1014 ἐπὶ
2294 948 2386 1037 τῷ
2430 958 2571 1026 τοῖς
2616 951 2959 1031 μείζοσιν

616 1054 1094 1121 ἐνίστασθαι
1139 1053 1248 1120 καὶ
1296 1052 1637 1121 κωλύειν
1683 1051 2259 1141 ἐξαμαρτάνοντας
2301 1054 2437 1119 fere
2481 1054 2653 1120 idem
2700 1056 2964 1120 valent

617 1167 812 1247 atque
841 1160 949 1229 ἐπὶ
974 1163 1068 1252 τῷ
1095 1173 1237 1239 τοῖς
1263 1166 1421 1248 μείζ.
1450 1160 1886 1248 ἐνιστάμενον
1912 1158 2199 1228 κωλύειν
2240 1161 2415 1247 ἐξαμ.
2461 1185 2524 1248 p.
2563 1162 2689 1227 371
2732 1184 2813 1228 a:
2858 1156 2959 1238 ὥς

614 1280 757 1345 τοῖς
801 1264 1187 1355 πράγμασιν
1215 1306 1299 1317 -
1328 1266 1494 1356 πρὸς
1531 1264 1568 1335 ὃ
1608 1266 1733 1355 χρὴ
1771 1267 2170 1354 φερομένοις
2198 1268 2631 1355 ἐνισταμένης
2656 1270 2792 1353 τῆς
2821 1268 2959 1334 τοῦ

628 1376 956 1460 Τυφῶνος
1012 1372 1376 1461 δυνάμεως.
1431 1400 1492 1461 p.
1531 1377 1661 1441 633
1692 1398 1753 1441 e:
1798 1372 1966 1461 πρὸς
2002 1371 2227 1459 ὄρεξιν
2262 1375 2593 1460 ἐνστῆναι.
2646 1376 2847 1441 1120
2877 1376 2956 1440 b:

617 1491 784 1568 πρὸς
819 1479 943 1567 τὴν
991 1479 1366 1568 συνήθειαν
1414 1480 1859 1568 ἐνιστάμενος.
1932 1483 2065 1547 934
2094 1505 2157 1548 a:
2204 1478 2370 1568 πρὸς
2413 1477 2715 1566 τοῦνομα
2762 1520 2863 1529 —
2906 1474 2953 1565 ἢ

615 1585 781 1671 πρὸς
826 1586 900 1655 τὸ
951 1591 1222 1675 πρᾶγμα
1260 1589 1716 1676 ἐνισταμένου.
1788 1614 1851 1675 p.
1888 1589 2019 1655 459
2051 1612 2113 1654 c:
2158 1585 2448 1675 μηδενὸς
2482 1587 2953 1673 ἐνισταμένου

617 1692 786 1781 μηδὲ
841 1694 1238 1773 κωλύοντος.
1336 1698 1508 1762 1120
1543 1698 1617 1761 b:
1664 1692 1833 1782 πρὸς
1875 1693 2002 1781 τὴν
2046 1693 2423 1779 συνήθειαν
2468 1692 2947 1781 ἐνιστάμενος.

615 1803 814 1868 Arist.
861 1804 932 1869 3:
987 1799 1153 1886 πρὸς
1208 1804 1431 1869 πᾶσαν
1483 1840 1561 1851 --
1611 1806 1953 1870 πολιτείαν
2008 1802 2461 1887 ἐνισταμένου.
2552 1802 2807 1889 Poplic.
2870 1804 2944 1867 2:

621 1907 852 1992 ἐνέστη
906 1907 1019 1974 καὶ
1076 1905 1459 1975 διεκώλυσε.
1549 1909 1757 1976 Simil.
1804 1909 2048 1976 Anton.
2096 1911 2156 1976 3.
2215 1910 2444 1995 Pyrrh.
2495 1910 2605 1975 13:
2666 1905 2945 1975 ἐνιστά-

619 2038 811 2100 μενοι
857 2011 1024 2099 πρὸς
1067 2012 1195 2100 τὴν
1238 2014 1535 2101 γνώμην.

794 2121 900 2188 De
947 2122 1394 2205 profectibus
1439 2124 1520 2189 in
1563 2124 1841 2191 virtute
1888 2124 2283 2192 sentiendis
2339 2147 2479 2211 cap.
2523 2127 2556 2189 1
2608 2122 2699 2211 (Ρ.
2744 2126 2784 2190 7
2790 2124 2840 2190 5
2860 2122 2937 2209 b)

621 2229 1031 2296 scribendum
1084 2235 1270 2316 puto:
1329 2233 1391 2297 εἰ
1447 2230 1528 2297 δέ
1572 2256 1648 2316 γε
1699 2221 1788 2316 ἦν
1833 2228 2031 2317 τάχος
2074 2232 2403 2298 τοσοῦτον
2449 2269 2533 2279 -
2581 2226 2754 2296 ὥστε
2802 2227 2934 2295 τὸν

614 2333 759 2426 πρῲ
823 2334 1170 2422 κάκιστον,
1239 2337 1517 2424 ἑσπέρας
1578 2338 1933 2423 γεγονέναι
1996 2334 2387 2424 κράτιστον,
2451 2333 2527 2423 ἦ,
2591 2331 2677 2403 ἂν
2748 2333 2935 2403 οὕτω

615 2441 752 2510 τινὶ
809 2442 1102 2533 συντύχῃ
1157 2442 1238 2511 τὰ
1282 2446 1398 2531 τῆς
1443 2448 1843 2531 μεταβολῆς,
1897 2441 2414 2530 καταδαρθόντα
2459 2445 2729 2529 φαῦλον
2776 2440 2931 2510 ἆνε-

620 2551 906 2638 γρέσθαι
963 2550 1183 2638 σοφὸν
1237 2558 1369 2621 κτλ.
1426 2553 1637 2620 deleto
1686 2553 1765 2619 δέ
1796 2556 1947 2639 post
1992 2549 2078 2619 ἄν
2134 2552 2286 2641 (hoc
2340 2574 2485 2620 cum
2532 2551 2805 2641 Herch.)
2868 2554 2934 2617 et

628 2663 946 2725 commate
990 2664 1142 2744 post
1186 2656 1229 2745 ἤ
1274 2661 1511 2746 posito.
1602 2660 1919 2728 Hercheri
1964 2661 2279 2727 correctio
2327 2662 2388 2726 εἰ
2432 2653 2494 2725 δ’
2545 2653 2609 2745 γ’
2662 2665 2766 2744 εἴη
2816 2681 2929 2724 ne-

621 2767 906 2832 cessaria
951 2766 1111 2832 mihi
1157 2790 1290 2834 non
1335 2768 1607 2834 videtur.

800 2871 868 2939 O.
916 2873 959 2938 5
1007 2872 1098 2960 (p.
1144 2876 1226 2940 78
1259 2873 1325 2963 a)
1373 2876 1572 2942 scrib:
1622 2871 1785 2941 ὅταν
1834 2864 1960 2941 οὖν
2009 2875 2081 2942 οἰ
2117 2876 2415 2942 τοιοῦτοι
2459 2870 2925 2961 κατασπασμοὶ

616 2984 1004 3065 γίνωνται
1052 2981 1197 3069 (pro
1245 2981 1667 3068 γένωνται)
1715 2977 1804 3067 μὴ
1850 2980 2185 3066 πολλάκις,
2232 2983 2310 3048 αἴ
2345 3006 2418 3047 τε
2462 2978 2630 3069 πρὸς
2675 2977 2925 3058 αὐτοὺς

617 3089 687 3174 (i.
735 3109 787 3152 e.
840 3083 999 3165 τοὺς
1059 3085 1604 3178 κατασπασμούς)
1662 3087 2094 3173 ἐξαιρέσεις
2146 3087 2257 3154 καὶ
2313 3082 2753 3174 ἀνακρούσεις
2799 3087 2920 3154 τοί

617 3191 1048 3280 φρονήματος
1109 3231 1183 3242 -·
1243 3205 1496 3278 ταχεῖαι
1553 3195 1814 3282 παρῶσι
1874 3201 2008 3262 κτλ.
2100 3195 2494 3262 Hercherus:
2560 3195 2921 3281 ἐξερείσεις.

616 3302 1025 3368 Duebnerus:
1091 3297 1401 3386 ἐξάρσεις.
1485 3293 1655 3368 Non'
1686 3325 1866 3388 opus.
1940 3302 2148 3389 Wytt.
2194 3307 2365 3369 recte
2412 3307 2481 3368 et
2521 3302 2803 3368 reddidit
2846 3304 2917 3368 et

623 3410 997 3496 explicavit,
1045 3408 1315 3494 Redde,
1359 3409 1596 3494 inquit:
1653 3410 1912 3496 quando
1957 3411 2159 3496 igitur
2205 3409 2515 3495 ejusmodi
2560 3407 2919 3494 depressio-

621 3538 738 3580 nes
794 3538 928 3582 non
983 3537 1174 3601 saepe
1227 3517 1413 3602 βακε,
1471 3521 1539 3582 et
1593 3518 1793 3583 animi
1850 3516 2153 3583 adversus
2201 3539 2308 3582 eas
2354 3517 2659 3582 vindiciae
2702 3537 2777 3581 ac
2822 3537 2919 3580 re-

619 3622 952 3705 pulsiones
1001 3625 1117 3687 etc.
1165 3659 1250 3670 -
1299 3661 1383 3673 —-
1435 3619 1879 3710 Ἐξαίρησις
1933 3621 2001 3710 (l.
2050 3620 2427 3709 ἐξαίρεσις),
2480 3623 2797 3689 vindiciae
2848 3623 2918 3688 in

617 3729 1014 3814 libertatem3
1073 3729 1154 3794 ab
1213 3727 1597 3817 ἐξαιρέομαί
1631 3756 1811 3814 τινα,
1871 3753 2062 3816 quem
2107 3731 2176 3795 in
2219 3730 2587 3796 libertatem
2634 3730 2916 3796 vindico:

617 3835 771 3901 hinc
818 3833 1200 3920 ἐξαιρέσεως
1246 3837 1397 3922 δίκη
1446 3838 1618 3923 apud
1662 3835 2289 3924 Harpocrationem'.

793 3941 864 4009 G.
913 3944 949 4007 7
1002 3940 1090 4030 (p.
1140 3945 1222 4009 78
1251 3943 1307 4030 f)
1362 3946 1783 4029 praeferenda
1827 3945 2049 4010 lectio:
2112 3937 2223 4008 ἀπ’
2278 3936 2504 4009 αὐτῶν
2546 3941 2912 4028 τνθέμενοι,

617 4073 696 4115 ex
740 4049 820 4114 iis
867 4050 1218 4116 utilitatem
1265 4052 1613 4136 capientes,
1658 4052 1849 4116 alteri
1896 4049 1931 4116 ἐ
1936 4043 2007 4115 π’
2050 4044 2276 4116 αὐτῶν
2312 4047 2529 4134 τιθέμ.
2600 4049 2914 4116 Hercheri

618 4151 879 4223 αὐτῶν
923 4155 1266 4242 τιθέμενοι
1311 4181 1446 4224 non
1489 4157 1818 4245 intellego.

798 4260 869 4328 G.
907 4263 947 4330 9
989 4261 1106 4350 (80
1123 4261 1196 4351 b)
1244 4269 1416 4330 recte
1463 4264 1669 4350 Wytt.
1716 4266 2166 4352 corrigendum
2212 4261 2371 4343 τοὺς
2415 4260 2660 4349 λόγους
2694 4261 2913 4351 ὥσπερ

624 4367 903 4456 ἱμάντας
946 4364 988 4455 ἢ
1038 4373 1327 4455 σφαίρας
1370 4369 1879 4457 περιδούμενοι
1924 4367 2091 4459 πρὸς
2126 4366 2459 4458 ἀλλήλους
2491 4395 2611 4456 pro
2652 4369 2910 4439 ἐπιδού-

617 4501 811 4563 μενοι
858 4479 1140 4563 monuit3
1190 4478 1302 4544 sed
1346 4501 1538 4544 nemo
1587 4482 1808 4567 sentit,
1856 4503 2250 4566 quamquam
2296 4479 2758 4545 correctionem
2804 4502 2909 4545 ne-
