3200 5175
1242 348 1721 411 —121-

313 522 563 598 ζουσιν
607 515 780 606 ὑμᾶς
820 540 928 569 -·
975 514 1060 587 ἂν
1109 518 1183 589 δὲ
1225 519 1392 608 πρὸς
1437 525 1527 614 τῷ
1571 524 1734 610 πυρὶ
1779 524 2207 619 καθημένους
2254 520 2459 614 ὁρῶσι
2506 521 2627 595 τὸν

309 626 592 711 κύαμον
638 624 1109 712 κόπτοντας,
1155 625 1362 696 οὐδὲν
1410 626 1633 698 αὑτων
1673 628 2037 733 ἡγήσονται
2077 634 2443 720 διαφέρειν.
2524 636 2629 701 Ad

309 734 544 799 locum
589 735 748 800 haee
796 736 1137 802 annotavit
1183 735 1494 804 Cobetus.
1550 740 1727 826 quid
1774 741 1884 807 sit.
1942 741 2020 807 si
2066 742 2326 808 videant
2371 764 2488 807 vos
2530 744 2628 809 fa-

310 842 442 907 bas
525 841 804 909 tundere'
878 843 1049 927 quod
1121 844 1450 930 Interpres
1527 846 1763 931 dedit,
1820 834 2100 943 intelligi
2183 869 2320 913 non
2391 852 2627 932 potest.

308 948 652 1015 Emenda:
704 945 824 1016 τὸν
876 945 1140 1035 κύαμον
1192 947 1580 1033 κάπτοντας.
1673 952 1770 1021 Of.
1828 954 1972 1020 Var.
2028 954 2213 1019 Lectt.
2274 975 2421 1040 pag.
2478 954 2627 1020 247.

308 1052 604 1121 κάπτειν
641 1057 712 1121 in
748 1052 1017 1122 κόπτειν
1055 1057 1392 1141 depravari
1433 1058 1831 1125 ostendimus
1867 1059 2020 1125 ibid.
2057 1083 2119 1145 p.
2150 1060 2255 1127 58.
2321 1061 2399 1127 ef.
2432 1058 2628 1126 Scho-

311 1162 592 1228 liastam
631 1163 712 1228 ad
750 1163 1086 1250 Aristoph.
1123 1164 1604 1231 Ecclesiam-45:
1643 1159 2087 1245 ὑποπίνοντες
2122 1162 2250 1252 γὰρ
2290 1156 2629 1234 ἔκαπτον

313 1265 669 1357 φρυκτοὺς
717 1271 1152 1359 ἐρεβίνθους.’
1184 1310 1267 1319 -
1309 1272 1666 1357 Oeeupavit
1711 1273 1946 1340 Coraes
1992 1274 2061 1338 in
2098 1296 2242 1360 pag.
2295 1274 2422 1340 125
2478 1297 2630 1341 suae

317 1378 636 1443 editionis
703 1374 1176 1466 (Πλουτάρχου
1231 1376 1312 1445 τὰ
1367 1375 1691 1446 πολιτικά.
1763 1380 2033 1445 Parisiis
2085 1368 2284 1467 18'24)
2324 1382 2629 1447 'scribens

312 1484 516 1549 haee:
565 1483 766 1549 ‘Ma3v
813 1474 898 1568 ἦν
950 1486 1434 1552 ΚΑΠΤΟΝΤΑ(
1479 1482 1658 1570 παρὰ
1714 1482 1788 1552 τὸ
1837 1482 2200 1570 κάπτειν,
2246 1476 2339 1552 τὸ’
2371 1478 2630 1554 ἐσθίειν

315 1586 531 1678 (ὅθεν
574 1587 650 1656 τὸ
700 1589 776 1655 ἐν
818 1591 898 1677 τῇ
945 1594 1277 1679 συνηθείᾳ
1321 1587 1625 1678 Χάπτω);
1696 1587 1834 1658 Οὐκ
1879 1586 1967 1658 ἀν
1996 1580 2529 1679 ,ἰσχυρισαίμηνῖ

505 1696 753 1763 Ibidem
799 1699 998 1783 paulo
1037 1702 1217 1782 post:
1267 1694 1350 1764 οὐ
1394 1694 1521 1784 γὰρ
1567 1702 1775 1765 τόσον
1812 1697 2115 1785 σώματος
2152 1696 2472 1767 ἀσθένεια
2517 1727 2629 1767 κα-

313 1800 451 1870 κὸν
494 1801 812 1890 πρόσεστι
858 1816 1002 1881 ταῖς
1045 1808 1380 1882 πολιτείας
1431 1805 1568 1872 τῶν
1625 1802 1781 1892 παρ’
1832 1802 2101 1892 ἡλικίαν
2155 1806 2259 1873 ἐπὶ
2315 1804 2390 1874 τὸ
2447 1811 2531 1892 βὶ
2537 1834 2629 1894 μα

311 1910 435 1976 καὶ
495 1908 571 1976 τὸ
640 1906 1040 1995 στρατήγιον
1100 1909 1542 1998 βαδιζόντων,
1608 1909 1775 1979 ὅσον
1842 1916 2110 1999 ἔχουσιν
2173 1909 2442 1998 ἀγαθὸν
2503 1911 2631 1999 τὴν

316 2012 684 2100 εὐλάβειαν
721 2015 831 2082 καὶ
876 2011 1000 2103 τῆν
1038 2014 1377 2103 φρόνησιν
1413 2018 1524 2085 καὶ
1571 2016 1659 2087 τὸ
1707 2016 1806 2107 μὴ
1853 2018 2384 2119 φαινόμενον,
2432 2016 2631 2087 ἀλλὰ

314 2121 404 2191 τὰ
453 2121 576 2211 μὲν
623 2123 1028 2210 ἐσφαλμένα,
1074 2122 1154 2191 τὰ
1202 2123 1278 2192 δὲ
1321 2122 1452 2193 ὑπὸ
1503 2125 1702 2213 δόξης
1746 2130 1943 2213 κενῆς
1984 2132 2421 2229 προσπίπτειν
2466 2124 2634 2212 πρὸς

316 2228 405 2299 τὰ
451 2227 648 2297 κοινὰ
692 2230 802 2296 καὶ
849 2229 1383 2316 συνεφέλκεσθαι
1419 2258 1541 2300 τον
1589 2230 1815 2319 οχλον,
1853 2231 2071 2333 ωσπερ
2118 2220 2461 2301 θάλατταν
2497 2230 2628 2300 ὑπὸ

318 2335 726 2424 πνευμάτων
775 2336 1369 2425 ἐκταραττόμενον,
1425 2336 1593 2406 ἀλλα
1650 2338 1877 2429 πράως
1929 2342 2295 2468 κεχρῆσθαι
2351 2340 2463 2406 καὶ
2520 2364 2630 2426 με-

319 2447 526 2533 τρίως
569 2456 711 2521 τοῖς
765 2442 1311 2530 ἐντυγχάνουσιν.
1394 2446 1615 2513 Verba
1670 2442 1755 2513 οὐ
1812 2443 1941 2534 γὰρ
1994 2444 2198 2514 τόσον
2256 2449 2493 2513 absunt
2547 2449 2628 2513 ab

321 2551 476 2618 ΑΜ.
524 2550 676 2618 Bas.
722 2551 796 2618 Β.
843 2551 917 2618 Ε.
991 2552 1120 2620 Pro
1170 2548 1412 2621 τόσον
1463 2593 1540 2601 -
1590 2551 1970 2640 πρόσεστι
2027 2548 2265 2622 Coraes
2329 2555 2626 2622 coniecit:

319 2661 657 2726 τοσοῦτον
704 2697 787 2707 -
835 2664 1256 2747 προστίθησι.
1342 2659 1572 2728 Cetera
1631 2661 1742 2728 καὶ
1800 2659 1874 2728 τὸ
1924 2687 2013 2748 μη
2069 2649 2487 2748 φαινόμενον
2540 2686 2630 2728 κε.

321 2767 822 2852 impeditissima
877 2772 1044 2834 sunt.
1139 2769 1438 2836 Reiskius
1505 2770 1847 2856 legendum
1904 2771 2183 2835 monuit.
2237 2767 2348 2836 καὶ
2394 2765 2469 2835 τὸ
2517 2766 2630 2855 μή,

328 2870 750 2959 φαινόμενον
795 2869 952 2959 ἅμα,
989 2870 1070 2941 τὰ
1116 2872 1240 2960 μὲν
1279 2875 1725 2962 ἐσφαλμένον,
1769 2872 1851 2942 τὰ
1889 2874 1963 2942 δὲ
1999 2871 2129 2942 ὑπὸ
2169 2873 2367 2961 δόξης
2411 2879 2630 2962 κενῆς,

327 2983 766 3066 προσπίπτειν
819 2979 909 3046 κέ·
991 2982 1344 3068 Wyttenb:
1399 2982 1512 3049 καὶ
1556 2980 1634 3050 τὸ
1689 2981 1812 3070 μή,
1872 2980 1952 3050 τὰ
2010 2981 2134 3070 μὲν
2191 2980 2630 3069 φλεγόμενον,

245 3103 258 3111 '
326 3084 410 3154 τὰ
465 3084 540 3153 δὲ
593 3085 1094 3174 σφαλλόμενον,
1149 3084 1280 3155 ὑπὸ
1338 3086 1541 3175 δόξης
1597 3092 1797 3176 κενῆς
1848 3097 1981 3157 κτλ.
2064 3084 2483 3177 Madvigius!
2518 3089 2628 3157 καὶ

328 3192 403 3262 τὸ
452 3193 542 3280 μῆ
579 3194 1019 3280 φαινομένοις
1063 3194 1439 3263 λανθάνειν
1476 3197 1883 3283 ἐσφαλμένοι
1921 3191 2089 3282 μηδὲ
2126 3192 2256 3263 ὑπὸ
2308 3196 2505 3282 δόξης
2540 3195 2630 3263 κὲ.

331 3303 586 3389 Patzig:
640 3301 751 3368 καὶ
808 3298 884 3370 τό
939 3299 1028 3388 μὴ
1089 3291 1509 3390 φαινόμενον
1564 3301 1800 3371 ἄλλοτε
1853 3301 1979 3390 μὲν
2035 3303 2464 3389 ἐσφαλμένως
2522 3301 2631 3370 ὁτὲ

336 3407 408 3475 δὲ
461 3405 592 3476 ὑπὸ
650 3405 850 3494 δόξης
904 3411 1099 3495 κενῆς
1149 3413 1591 3495 προσπίπτειν
1645 3417 1782 3477 κτλ.
1876 3409 2040 3476 Mihi
2094 3411 2346 3475 videtur
2400 3412 2629 3477 vitium

333 3517 402 3580 in
447 3514 870 3602 φαινόμενον
915 3516 1199 3597 subesse,
1238 3518 1418 3582 euius
1457 3539 1534 3582 ea
1571 3517 1741 3582 ratio
1790 3520 1907 3602 est,
1943 3520 2035 3601 ut,
2082 3517 2137 3581 si
2171 3516 2296 3581 hoo
2333 3519 2630 3603 neglecto

334 3625 551 3690 omnia
595 3627 808 3688 cetera
853 3624 1278 3709 corrigantur,
1325 3625 1532 3690 oratio
1572 3628 1637 3689 et
1682 3625 1903 3710 inepta
1941 3628 2007 3689 et
2050 3616 2423 3710 incongrua
2441 3625 2630 3690 relin-

332 3735 583 3816 quatur.
662 3729 870 3797 Valde
925 3730 1129 3817 igitur
1185 3732 1480 3816 suspicor
1548 3731 1960 3797 scribendum
2022 3717 2211 3795 esser
2241 3730 2353 3796 καὶ
2407 3727 2482 3797 τὸ
2541 3729 2629 3818 μὴ

333 3843 772 3922 φαίνεσθαι
817 3833 1055 3904 ἄλλοτε
1099 3835 1225 3923 μὲν
1262 3837 1690 3925 ἐσφαλμένοι,
1737 3833 1846 3904 ὁτὲ
1898 3834 1971 3903 δὲ
2016 3832 2146 3904 ὑπὸ
2196 3837 2391 3923 δόξης
2434 3841 2632 3923 κενῆς

330 3948 766 4031 προσπίπτειν
813 3942 980 4034 πρὸς
1022 3943 1104 4012 τὰ
1147 3943 1344 4013 κοινά
1390 3945 1479 4013 κέ.
1561 3946 1869 4012 Fortasse
1914 3945 2215 4010 librarius
2263 3945 2432 4010 male
2480 3967 2631 4029 sup-

331 4054 536 4137 plevit
580 4054 751 4138 quod
799 4059 1158 4139 supererat:
1205 4053 1652 4121 ΤΟΛΛΗΦΑΙΝ
1705 4103 1719 4118 .
1757 4103 1770 4118 .
1811 4105 1824 4119 .

515 4157 583 4225 O.
621 4162 704 4225 16
743 4159 992 4246 (p..792
1011 4159 1110 4242 d):
1156 4159 1266 4225 καὶ
1309 4155 1436 4244 γὰρ
1473 4151 1829 4244 ἁρμονικοὶ
1874 4155 1949 4224 τὸ
1996 4155 2389 4223 κατακούειν
2426 4151 2626 4242 ἡρμο-

336 4265 620 4352 σμένου,
665 4265 776 4332 καὶ
822 4266 1186 4355 γεωμέτραι
1231 4261 1307 4333 τὸ
1355 4261 1709 4350 ἀναλύειν,
1756 4264 1864 4333 καὶ
1912 4260 2342 4350 ἀριθμητικοὶ
2386 4259 2509 4348 τὴν
2554 4263 2629 4328 ἐν

335 4374 424 4462 τῷ
501 4371 882 4458 ’λογίζεσθαι
953 4372 1302 4458 συνέχειαν
1379 4370 1785 4455 ἐκλιπόντες,
1850 4368 1985 4457 ἅμα
2055 4383 2201 4448 ταῖς
2272 4369 2633 4455 ἐνεργείαις

338 4473 716 4567 ἀμαυροῦσι
753 4491 924 4559 ταῖς
960 4475 1308 4566 ἡλικίαις
1342 4476 1459 4557 τὰς
1496 4478 1677 4558 ἔξεις.
1754 4479 2055 4548 Reiskius
2094 4501 2216 4564 pro
2252 4471 2629 4563 ἀμαυροῦσι
