3200 5175
1524 311 1954 376 ...go-

595 496 862 578 propter
925 491 1245 557 vocalium
1307 512 1689 556 concursum
1754 489 1915 554 ferri
1974 510 2107 554 non
2171 510 2363 574 posse
2428 489 2889 556 animadvertit

587 598 842 686 Patzig;
899 621 1063 684 quae
1121 601 1338 664 autem
1392 597 1534 682 ipse
1588 597 1928 682 proposuit
1982 592 2213 682 ἑτέρου
2257 599 2443 674 τίνος
2485 592 2560 661 τὸ
2608 606 2889 681 σημεῖον

586 699 630 790 ἢ
687 707 812 772 τοῦ
856 712 925 770 θ.
981 700 1465 790 λαμβάνοντας
1509 703 1671 769 mihi
1714 704 2103 789 probantur,
2158 703 2509 770 dummodo
2554 703 2647 768 sic
2690 704 2886 770 corri-

588 834 854 915 gantur:
921 827 1151 914 ἕτέρου
1213 832 1398 905 τίνος
1458 823 1534 894 τὸ
1591 809 1943 894 (ΗΜΕΙὉΝ
2001 821 2043 911 ἢ
2096 825 2218 892 ‘coi'
2273 833 2346 891 θ.
2401 823 2891 912 λαμβάνοντες;

589 935 902 1002 Similiter
943 940 1094 1020 post
1137 958 1346 1021 pauca
1391 934 1580 1000 dixit:
1630 929 1910 1019 σημεῖόν
1954 932 2091 1000 ἐστι
2138 934 2262 1000 τοῦ
2306 930 2753 1018 θεμιστεύειν.

768 1041 874 1108 De
917 1041 1196 1108 virtute
1239 1041 1504 1106 morali
1550 1064 1601 1106 c.
1650 1041 1690 1106 6
1738 1039 1829 1127 (p.
1867 1040 1999 1106 445
2027 1038 2129 1126 b):
2178 1040 2307 1104 νῦν
2354 1037 2430 1104 δὲ
2476 1038 2892 1126 σωφροσύνη

587 1149 711 1234 μέν
758 1147 963 1232 ἐστιν,
1011 1137 1095 1214 οὗ
1129 1145 1206 1215 τὸ
1247 1143 1629 1232 παθητικὸν
1664 1141 1885 1231 ὥσπερ
1918 1140 2195 1232 εὐήνιον
2229 1144 2500 1230 θρέμμα
2526 1145 2639 1211 καὶ
2666 1149 2893 1234 πρᾷον

589 1251 628 1320 ὁ
689 1250 1008 1340 λογισμὸς
1063 1250 1328 1339 ἡνιοχεῖ
1377 1252 1490 1320 καὶ
1549 1256 2087 1340 μεταχειρίζεται,
2150 1251 2301 1337 περὶ
2354 1248 2473 1330 τὰς
2524 1252 2896 1338 ἐπιθυμίας

589 1358 930 1446 χρώμενος
973 1355 1316 1427 ὑπείκοντι
1359 1360 1472 1426 καὶ
1517 1359 1853 1449 δεχομένῳ
1896 1360 1990 1450 τῷ
2034 1361 2333 1449 λογισμῷ
2377 1358 2487 1424 καὶ
2529 1361 2895 1444 κρατοῦντι

586 1463 711 1551 τὴν
759 1467 1150 1553 ἐπιθυμίαν·
1197 1465 1588 1554 ἐγκράτειαν
1633 1465 1709 1533 δὲ
1752 1462 1877 1532 οὐκ
1923 1462 2195 1544 ἀλύπως
2238 1461 2406 1549 ἄγει,
2452 1461 2614 1532 οὐδὲ
2658 1474 2893 1533 πειθο·

593 1574 830 1660 μένην,
877 1568 1044 1640 ἀλλὰ
1089 1579 1378 1659 πλαγίαν
1421 1574 1533 1640 καὶ
1577 1570 2089 1640 ἀντιτείνουσαν
2135 1570 2225 1638 κέ.
2297 1573 2401 1637 Ad
2446 1574 2661 1638 locum
2700 1575 2898 1639 valde

594 1682 928 1746 turbatum
991 1681 1202 1766 Wytt.
1266 1683 1426 1748 haec
1491 1681 1863 1747 annotavit:
1928 1681 2046 1745 ‘sie
2106 1680 2180 1746 B.
2240 1679 2316 1745 E.
2382 1679 2546 1745 Ven.
2605 1681 2665 1746 3.
2730 1682 2897 1746 item

590 1786 754 1852 Ven.
805 1790 859 1852 1.
905 1789 975 1853 in
1023 1789 1303 1854 secunda
1347 1789 1729 1854 mutationis
1774 1792 1975 1873 parte.
2048 1786 2267 1873 Vulgo
2313 1787 2648 1872 mendose,
2704 1782 2897 1852 ὑπεί-

589 1912 804 1960 κοντι·
862 1891 1204 1980 ἐγκράτεια
1253 1895 1332 1961 δέ
1373 1895 1512 1960 ἐστι
1554 1892 1667 1962 καὶ
1714 1892 2050 1982 δεχομένῳ
2093 1894 2187 1983 τῷ
2233 1893 2529 1984 λογισμῷ
2574 1892 2687 1960 καὶ
2732 1917 2895 1979 κρα-

589 2001 818 2066 τοῦντι
884 1996 1012 2086 τὴν
1075 1999 1466 2086 ἐπιθυμίαν·
1540 1997 1685 2085 ἄγει
1752 1998 1827 2067 δὲ
1891 1995 2016 2067 οὐκ
2080 1994 2180 2065 ἄλ.
2240 1996 2401 2065 οὐδὲ
2452 2000 2897 2084 πειθομένην.

591 2105 892 2174 Ceterum
963 2109 1056 2198 τῷ
1120 2108 1417 2198 λογισμῷ
1484 2108 1863 2172 mutandum
1929 2107 2183 2173 videtur
2244 2108 2314 2172 in
2376 2103 2501 2173 τὸν
2563 2103 2895 2191 χαλινόν.’

588 2213 981 2300 Madvigius:
1036 2214 1275 2280 ‘cetera
1327 2217 1478 2300 post
1531 2210 1873 2280 ὑπείκοντι
1919 2215 2165 2279 ineerta
2210 2218 2393 2297 sunt,
2447 2213 2573 2280 hoc
2618 2218 2895 2298 certum,

591 2322 857 2386 alterius
913 2322 1122 2406 partis
1171 2323 1534 2388 sententiae
1580 2322 1751 2387 hane
1796 2322 1999 2386 fuisse
2044 2320 2348 2386 formam:
2397 2316 2744 2404 ἐγκράτεια
2790 2320 2895 2403 δέ,

589 2416 672 2494 οὑ
715 2424 844 2513 τὴν
891 2427 1257 2513 ἐπιθυμίαν
1303 2421 1426 2494 οὐκ
1471 2421 1572 2494 ἀλ.
1621 2423 1766 2511 ἄγει
1811 2426 1969 2494 κτλ.’

768 2535 912 2622 Ego
969 2536 1170 2601 etiam
1213 2535 1381 2602 nihil
1425 2536 1585 2602 certi
1630 2535 1870 2619 habeo;
1930 2535 2043 2601 sed
2087 2535 2326 2620 locum,
2383 2536 2492 2619 qui
2536 2535 2665 2601 huc
2710 2535 2895 2620 facit,

589 2664 941 2727 apponam,
1004 2646 1079 2707 ut
1132 2643 1276 2708 aliis
1334 2644 1582 2708 scilicet
1636 2642 2000 2728 corrigendi
2056 2644 2461 2708 occasionem
2517 2644 2889 2727 praebeam.

589 2773 650 2833 p.
702 2750 870 2815 1008
902 2750 943 2815 b
1002 2751 1307 2836 leguntur
1363 2750 1549 2816 haee:
1610 2752 1707 2814 ἔτι
1762 2746 1837 2815 δὲ
1890 2752 2147 2835 μᾶλλον
2201 2751 2282 2837 τῇ
2326 2747 2529 2833 φύσει
2574 2761 2893 2835 φανεῖται

585 2853 661 2921 τὸ
717 2852 1078 2942 θυμοειδὲς
1120 2858 1212 2947 τῷ
1256 2854 1436 2946 τόπῳ
1481 2853 1608 2941 τὴν
1652 2855 1863 2942 μέσην
1910 2860 2064 2941 ἔχον
2110 2856 2387 2922 ἐκείνων
2430 2854 2644 2936 τάξιν·
2708 2864 2777 2923 εἰ
2813 2882 2895 2942 γε

589 2960 674 3047 δὴ
719 2964 811 3052 τῷ
848 2961 972 3048 μὲν
1010 2965 1359 3054 λογιστικῷ
1397 2961 1472 3029 τὸ
1511 2960 1764 3049 ἄρχειν,
1808 2964 1899 3053 τῷ
1939 2961 2017 3029 δὲ
2053 2966 2413 3049 θυμοειδεῖ
2440 2960 2516 3029 τὸ
2554 2960 2891 3050 ἄρχεσθαι

584 3067 698 3134 καὶ
754 3067 830 3135 τὸ
890 3066 1120 3154 ἄρχειν
1171 3065 1337 3135 κατὰ
1389 3066 1601 3155 φύσιν
1657 3068 1862 3154 ἐστίν,
1920 3065 2192 3159 ὑπηκόῳ
2247 3068 2371 3155 μὲν
2415 3067 2561 3136 ὄντι
2606 3072 2733 3136 τοῦ
2776 3076 2891 3137 λο-

585 3177 860 3260 γισμοῦ,
922 3177 1280 3262 κρατοῦντι
1347 3174 1422 3242 δὲ
1482 3174 1593 3241 καὶ
1658 3164 2003 3256 κολάζοντι
2066 3172 2190 3262 τὴν
2252 3176 2619 3263 ἐπνθυμίαν
2636 3227 2655 3261 ,
2718 3172 2891 3243 ὅταν

583 3277 832 3370 ἀπειθῇ
892 3283 984 3373 τῷ
1050 3283 1344 3372 λογισμῷ
1407 3281 1498 3348 κέ.
1591 3283 1831 3349 Fateor
1890 3289 2112 3350 tamen
2174 3286 2749 3369 transpositionem
2815 3286 2889 3349 in

585 3390 763 3455 codd.
809 3391 1178 3457 verborum:
1223 3388 1336 3455 καὶ
1383 3388 1721 3479 δεχομένῳ
1764 3428 1839 3439 —-
1881 3387 2007 3476 τὴν
2052 3389 2423 3476 ἐπιθυμίαν
2467 3414 2729 3477 gravem
2777 3414 2887 3457 su-

586 3498 940 3581 spicionem
985 3518 1263 3563 movere.

763 3603 868 3669 De
921 3602 1313 3669 cohibenda
1365 3605 1482 3670 ira
1535 3626 1584 3670 c.
1636 3607 1673 3670 7
1724 3604 1816 3692 (p.
1861 3606 1993 3671 456
2023 3603 2114 3693 e):
2158 3600 2433 3671 κάκεῖνα
2477 3602 2602 3691 μὲν
2647 3603 2887 3689 γέλωτι

584 3706 697 3772 καὶ
739 3710 976 3795 παιδιᾷ
1020 3710 1268 3795 μέλει,
1311 3712 1521 3777 ταῦτα
1568 3709 1645 3777 δὲ
1685 3712 1849 3798 χολῇ
1885 3710 2211 3798 κέκραται.
2275 3712 2644 3798 Madvigius
2682 3714 2885 3778 scribi

583 3815 791 3881 iubet:
852 3814 964 3881 καὶ
1018 3818 1253 3905 παιδιᾷ
1303 3816 1442 3883 καὶ
1490 3816 1707 3903 μέλει
1754 3822 1821 3883 et
1841 3800 2077 3886 cantu.
2173 3819 2677 3885 Herwerdenus:
2732 3825 2883 3884 παι-

583 3923 733 4000 διᾶς
768 3922 1027 4008 μέλιτι
1065 3927 1165 3991 vel
1193 3919 1284 4003 ὥς
1309 3924 1474 4010 μέλι.
1506 3964 1592 3973 ———
1620 3926 1926 3993 Fortasse
1954 3927 2155 3993 scrib:
2190 3924 2301 3991 καὶ
2328 3926 2563 4012 παιδιᾷ
2590 3920 2881 4010 ἀμέλει.

587 4027 900 4096 Similiter
952 4032 1118 4097 dixit
1161 4055 1222 4117 p.
1270 4033 1401 4098 554
1430 4056 1492 4098 e:
1555 4028 1828 4118 χάριτας
1880 4028 2150 4118 ἀμέλει
2206 4030 2317 4099 καὶ
2374 4028 2665 4109 παιδιάς.
2758 4032 2881 4099 Sed

584 4142 806 4203 tamen
852 4140 910 4204 si
960 4160 1150 4224 quem
1195 4140 1414 4205 hiatus
1464 4140 1776 4225 offendat,
1822 4135 2047 4225 ἀμέλει
2091 4144 2244 4223 post
2287 4139 2411 4224 μέν
2456 4144 2880 4225 transp6nere

489 4262 492 4265 ’
585 4244 755 4309 licet.
836 4244 944 4310 Me
1009 4268 1141 4312 non
1209 4246 1499 4330 offendit,
1545 4246 1627 4311 cf.
1693 4266 1858 4331 quae
1925 4246 2005 4310 ad
2062 4246 2286 4331 Pomp.
2342 4268 2393 4312 c.
2455 4248 2487 4309 1
2556 4247 2879 4311 annotavi.

586 4348 765 4414 Idem
801 4374 1065 4435 prorsus
1103 4352 1324 4417 hiatus
1371 4353 1442 4416 in
1479 4351 1663 4416 Alex.
1699 4374 1752 4416 c.
1794 4353 1872 4416 17
1922 4354 2202 4436 prostat:
2248 4348 2324 4416 ἐν
2368 4351 2603 4439 παιδιᾷ
2652 4346 2879 4416 ἀποδι-

586 4450 750 4531 δοὺς
789 4453 1007 4540 τιμήν.
2674 4470 2683 4475 ’
