3200 5175
1286 349 1715 412 „13-

350 525 635 612 θρώπου
695 523 772 593 το“
843 523 1300 611 πλαττόμενον
1353 525 1463 591 καὶ
1528 523 1602 591 τὸ
1633 523 1637 526 ’
1669 521 1957 591 πλάττον
2014 520 2286 610 ἐχούσῃ,
2350 520 2425 590 τὸ
2486 520 2647 590 αὐτὰ

353 635 562 723 ῥᾷστα
617 638 992 700 ποικίλλειν
1049 628 1260 718 αὐτὴν
1307 632 1417 698 καὶ
1467 636 1885 718 σχηματίζειν
1932 631 2020 697 δι’
2074 629 2310 715 ἑαυτῆς
2355 627 2635 716 ὑπάρχει

355 743 660 822 Δηλοῦσι
718 735 781 805 δ’
844 742 920 805 αἱ
968 736 1132 806 κατά
1186 736 1345 816 τοὺς
1397 735 1655 814 ὕπνους
1706 737 1945 824 τροπαὶ
2000 740 2135 803 τῶν
2192 733 2508 821 ὀνείρων,
2572 731 2653 814 ἃς

351 848 656 932 τρέπεται
699 844 774 912 τὸ
825 842 1276 931 φανταστικὸν
1325 845 1389 924 ἐξ
1433 839 1640 929 ἀρχῆς
1682 848 2016 930 βραχείας,
2061 840 2528 910 παντοδαπὰ
2584 843 2655 930 (l.

356 953 481 1020 ε’πὶ
527 950 921 1020 παντοδαπὰ
959 950 1225 1037 Coi-aes)
1271 949 1380 1016 καὶ
1427 949 1615 1035 πάθη
1661 949 1773 1016 καὶ
1820 953 2063 1016 εἴδωλα
2110 941 2475 1036 γινόμενον
2518 956 2653 1015 κτλ.

356 1062 604 1126 Deinde
659 1061 736 1126 ef.
782 1084 846 1144 p.
893 1061 1026 1124 674
1052 1061 1122 1124 b:
1176 1061 1375 1124 τοῦτο
1429 1097 1502 1106 -
1555 1056 1666 1124 καὶ
1710 1055 2070 1144 τεκμήριόν
2119 1057 2255 1123 ἐστι
2303 1056 2469 1141 μέγα
2512 1068 2654 1133 τοῖς

361 1173 812 1251 Κυρηναϊκοῖς
871 1161 1040 1248 πρὸς
1101 1160 1273 1250 ὑμᾶς
1326 1167 1450 1231 τοῦ
1502 1162 1591 1250 μὴ
1650 1163 1799 1251 περὶ
1854 1160 1978 1248 τὴν
2034 1160 2195 1242 ὄψιν
2252 1159 2426 1229 εἶναι
2487 1161 2655 1247 μηδὲ

357 1273 504 1356 περὶ
549 1269 674 1357 τὴν
721 1267 964 1356 άκοὴν,
1011 1266 1179 1338 ἀλλὰ
1226 1271 1376 1357 περὶ
1421 1270 1547 1356 τὴν
1594 1270 1909 1337 διάνοιαν
1954 1267 2146 1355 ἡμῶν
2191 1269 2267 1336 τὸ
2315 1265 2654 1356 ἡδόμενον

353 1377 458 1443 ἐπὶ
503 1391 645 1455 τοῖς
690 1375 1064 1463 ἀκούσμασι
1111 1377 1222 1444 καὶ
1269 1376 1608 1464 θεάμασιν
1652 1417 1725 1426 —-
1776 1417 1849 1426 —
1891 1415 1964 1424 —
1976 1373 2208 1443 .Ἐπεὶ
2252 1382 2323 1442 τί
2362 1375 2645 1463 πάσχον-

351 1508 457 1562 τες
499 1479 543 1569 ἢ
599 1489 784 1562 τίνος
839 1486 1092 1564 ἔξωθεν
1147 1485 1516 1570 γενομένου
1551 1482 1819 1561 πάθους
1862 1481 1984 1568 τὴν
2032 1483 2512 1570 Παρμένοντος
2557 1483 2645 1549 ὑν

355 1588 566 1669 οὕτως
613 1589 1039 1676 ἐθαύμασαν,
1105 1588 1272 1658 ωστε
1317 1589 1741 1676 παροιμιώδη
1788 1589 2137 1674 γενέσθαι;
2201 1594 2415 1656 καίτοι
2463 1595 2652 1674 φασί,

357 1701 478 1764 τοῦ
537 1699 1014 1784 Παρμένοντος
1072 1695 1591 1783 εὐδοκιμοῦντος
1650 1697 1755 1764 ἐπὶ
1801 1701 1881 1784 τῇ
1929 1693 2229 1782 μιμήσει,
2294 1697 2651 1780 ζηλοῦντας

360 1802 623 1889 ἑτέρους
695 1803 1344 1880 ἀντεπιδείκνυσθαι.
1447 1804 2137 1891 Προκατειλημμένων
2202 1801 2277 1870 δὲ
2338 1806 2474 1870 τῶν
2536 1799 2652 1870 ἆν-

355 1909 651 1998 θριόπων
696 1912 808 1979 καὶ
855 1909 1222 1996 λεγόντων,
1273 1903 1378 1978 Εὖ
1424 1911 1579 1998 μέν,
1636 1908 1780 1979 ἀλλ’
1834 1909 2037 1978 οὐδὲν
2084 1909 2252 1996 πρὸς
2295 1907 2419 1997 τὴν
2466 1917 2649 1996 Παρ-

356 2019 678 2104 μένοντος
722 2010 830 2102 ὗν,
879 2019 998 2084 ἕνα
1043 2016 1340 2102 λαβόντα
1385 2016 1754 2103 δελφάκιον
1799 2015 1930 2086 ὑπὸ
1980 2017 2191 2104 μάλης
2228 2023 2651 2103 προσελθεῖν.

349 2122 526 2192 Ἐπεὶ
585 2123 660 2191 δὲ
705 2123 816 2190 καὶ
860 2127 978 2209 τῆς
1033 2119 1364 2208 ἀληθινῆς
1417 2125 1651 2209 φωνῆς
1703 2119 2064 2202 ἀκούοντες
2115 2122 2650 2209 ὑπεφθέγγοντο,

363 2238 448 2298 Τί
497 2223 623 2298 οὖν
679 2228 848 2315 αὕτη
893 2227 1058 2317 πρὸς
1102 2229 1228 2316 τὴν
1273 2232 1779 2316 Παρμένοντος;
1846 2245 2335 2316 συναναφεῖναι
2381 2228 2455 2296 τὸ
2504 2232 2647 2296 δελ-

358 2337 608 2422 φάκιον
637 2341 729 2415 εἰς
755 2335 830 2404 τὸ
861 2337 1068 2423 μέσον
1098 2337 1518 2422 ἐξελέγχοντα
1545 2339 1663 2421 τῆς
1690 2342 1989 2423 κρίσεως,
2026 2335 2110 2404 τό
2146 2336 2340 2423 πρὸς
2377 2337 2652 2422 δόξαν,

357 2443 450 2512 οὐ
497 2442 690 2529 πρὸς
735 2441 1146 2529 ἀλήθειαν.
1224 2435 1334 2508 Ὧι
1381 2441 1663 2541 μάλιστα
1711 2441 1921 2527 δῆλόν
1967 2444 2177 2527 ἐστιν,
2216 2441 2319 2510 ὅτι
2364 2430 2437 2509 τὸ
2486 2442 2649 2511 αὐτὸ

357 2555 473 2638 τῆς
517 2549 895 2637 αἰσθήσεως
940 2550 1162 2630 πάθος
1208 2546 1331 2636 οὐχ
1369 2547 1618 2637 ὁμοίως
1656 2551 1999 2636 διατίθησι
2032 2547 2158 2636 τὴν
2196 2548 2440 2637 ψυχήν,
2487 2547 2650 2619 ὅταν

356 2658 444 2745 μὴ
510 2662 726 2748 προσῇ
788 2659 950 2738 δόξα
1013 2662 1136 2725 τοῦ
1198 2661 1480 2744 λογικῶς
1541 2653 1584 2743 ἢ
1653 2664 2016 2745 φιλοτίμως
2077 2663 2517 2745 περαίνεσθαι
2571 2657 2647 2727 τὸ

357 2766 755 2862 γενόμενον
803 2766 874 2853 (l.
923 2764 1336 2852 γινόμενον).
1427 2765 1524 2832 Of.
1573 2768 1771 2833 etiam
1816 2790 1876 2851 p.
1929 2768 2189 2832 1118b
2204 2789 2341 2852 sqq.
2739 2748 2749 2762 ’

537 2874 678 2960 Sed,
723 2880 796 2940 ut
843 2876 924 2940 ad
971 2876 1377 2959 propositum
1423 2874 1779 2956 redeamuS,
1826 2874 2211 2939 Plutarchus
2258 2876 2328 2939 111
2364 2875 2526 2959 1060,
2572 2876 2649 2939 de

359 3005 484 3067 quo
549 2983 904 3068 quaeritur,
965 2982 1284 3065 explicare
1331 2982 1498 3064 vult,
1560 2981 1883 3065 quomodo
1930 2981 2061 3065 fiat,
2106 2986 2179 3046 ut
2226 3004 2414 3065 saepe
2460 2983 2649 3047 nobis

356 3089 688 3153 videamur
743 3090 961 3153 audire
1018 3093 1131 3154 aut
1183 3089 1396 3153 videre
1453 3110 1619 3173 quae
1673 3111 1881 3173 neque
1940 3088 2150 3153 audiri
2194 3110 2405 3173 neque
2450 3090 2649 3153 videri
2715 3147 2719 3151 .

356 3199 647 3279 possunt.
729 3195 878 3281 Ubi,
925 3198 1037 3279 ait,
1080 3194 1360 3259 historia
1402 3196 1679 3259 {aestibus
1728 3195 1951 3260 multis
2000 3198 2067 3259 ek
2108 3194 2264 3259 fide...
2280 3196 2494 3280 dignis
2534 3196 2647 3260 ali-

358 3302 510 3387 quid
555 3325 674 3386 pro
720 3325 871 3367 vero
918 3303 1158 3367 habere
1203 3324 1325 3365 nos
1373 3301 1578 3386 cogit,
1632 3302 1751 3379 ibi,
1803 3305 1875 3366 ut
1920 3301 2174 3365 videtur
2220 3302 2486 3367 affectus
2535 3303 2651 3366 ali-

361 3410 506 3493 quis
559 3411 982 3492 iwessionis
1035 3410 1384 3487 dissimilis,
1449 3410 1488 3471 i.
1547 3430 1600 3472 e.
1658 3408 1771 3491 qui
1814 3430 1949 3472 11011
1994 3407 2224 3471 811111118
2272 3409 2359 3471 sit
2406 3429 2647 3493 eorum,

359 3539 521 3601 quae
579 3540 617 3581 a
682 3538 874 3581 3611811
937 3516 1256 3598 impressa
1317 3516 1536 3579 animo
1600 3513 1843 3578 tradita
1907 3518 2059 3578 sunt
2122 3511 2255 3599 (hie
2318 3515 2491 3579 enim
2546 3537 2647 3579 res

359 3624 655 3701 sensibus
717 3622 1005 3686 subieciza
1065 3621 1323 3685 eosdem
1381 3620 1587 3704 pellat
1644 3642 1907 3685 11666836
1954 3617 2108 3705 est):
2170 3622 2482 3687 eiusmodi
2528 3622 2650 3707 igi-

356 3734 466 3793 tur
525 3729 790 3794 affectus
849 3729 920 3792 in
979 3728 1198 3791 anima
1254 3731 1448 3793 naizus
1506 3749 1628 3791 nos
1686 3727 1961 3811 inducit,
2014 3731 2090 3791 ut
2142 3749 2260 3811 pro
2318 3750 2471 3793 vera
2518 3730 2650 3812 opi-

356 3836 619 3901 nionem
663 3839 958 3901 nostram
1004 3835 1356 3899 habeamus
1404 3835 1445 3898 1.
1492 3856 1544 3898 6.
1592 3856 1713 3916 pro
1758 3856 1910 3899 vero
1958 3835 2158 3898 animi
2202 3835 2431 3919 visum,
2480 3835 2649 3919 quod

359 3943 556 4007 etiam
601 3942 838 4007 falsum
885 3964 1024 4007 esse
1071 3945 1316 4026 potesiz3
1366 3942 1542 4006 velut
1587 3942 1657 4005 in
1704 3954 1951 4025 80111110,
1996 3942 2107 4007 ubi
2158 3942 2297 4005 sine
2340 3942 2475 4007 ulla
2513 3963 2650 4007 sen-

357 4072 544 4114 suum
603 4072 724 4133 ope
773 4049 1040 4115 affectus
1087 4048 1350 4133 aliquis,
1405 4038 1570 4112 nihil
1618 4068 1957 4113 commune
2002 4070 2211 4133 neque
2258 4070 2403 4113 eum
2450 4049 2648 4113 sensi-

357 4158 478 4221 bus
537 4178 744 4241 neque
805 4179 950 4221 eum
1006 4155 1198 4219 rebus
1255 4177 1480 4219 sensus
1541 4154 1933 4237 pellenssibus
1979 4154 2254 4236 habens,
2314 4155 2382 4217 in
2430 4155 2647 4221 animo
2682 4194 2697 4199 -

357 4264 672 4347 naseiizur,
737 4264 847 4347 qui
906 4284 1024 4327 nos
1085 4262 1348 4327 inducat
1402 4264 1476 4326 ut
1532 4260 1779 4344 aliquid
1835 4264 1949 4324 aut
2006 4260 2219 4325 videre
2268 4264 2383 4325 aut
2427 4262 2647 4327 audire

359 4370 716 4455 opinemur,
764 4391 910 4433 cum
957 4390 1024 4432 re
1073 4390 1224 4432 vera
1269 4389 1475 4450 neque
1521 4366 1811 4430 videmus
1858 4388 2066 4451 neque
2105 4368 2415 4433 audimus,
2490 4368 2569 4433 H.
2608 4371 2649 4435 l.

357 4478 562 4562 igitur
597 4474 838 4541 Noster
886 4475 1257 4559 arbitrant,
1304 4474 1543 4558 absque
1591 4472 1887 4539 sensibus
1924 4474 2222 4539 affeebum
2260 4476 2539 4560 aliquem
2578 4477 2650 4557 in
