3200 5175
1091 1234 1732 1310 PRAEFATIO.

898 1419 1090 1466 ’Ἐπειτα
1130 1423 1214 1467 τοῦ
1251 1423 1420 1484 κρίνειν
1457 1420 1588 1474 ὄντος
1626 1422 1857 1482 ὠφελίμου
1892 1421 1945 1468 τὸ
1984 1425 2149 1478 γεννᾶν
2186 1420 2409 1478 ἐμπόδιόν
2448 1423 2558 1466 ἐστι.

912 1495 1178 1555 Τυφλοῦται
1205 1491 1302 1555 ’γὰρ
1339 1491 1391 1537 τὸ
1422 1494 1586 1552 φιλοῦν
1610 1491 1718 1556 ’περὶ
1747 1492 1801 1538 τὸ
1829 1493 2127 1553 φιλούμενον·
2166 1496 2363 1555 φιλεῖται
2392 1491 2443 1537 δὲ
2468 1495 2561 1536 τῶν

905 1565 1032 1612 ἰδίων
1061 1563 1195 1612 οὐδὲν
1224 1563 1369 1616 οὕτως
1396 1562 1457 1616 ὡς
1483 1563 1598 1616 δόξα
1627 1565 1705 1610 καὶ
1732 1563 1867 1622 λόγος
1896 1563 1989 1611 ὑπὸ
2015 1567 2099 1611 τοῦ
2128 1563 2351 1616 τεκόντος.
2394 1563 2463 1610 Ἡ
2474 1563 2563 1626 γὰρ

903 1635 1122 1694 λεγομένη
1157 1635 1326 1681 τέκνων
1362 1634 1632 1694 δικαιοτάτη
1670 1635 1867 1696 διανομὴ
1904 1635 2021 1700 πρὸς
2056 1635 2221 1694 λόγους
2248 1637 2371 1681 ἐστὶν
2400 1634 2564 1681 ἀδικω-

902 1707 1042 1766 τάτη·
1081 1706 1156 1752 δεῖ
1187 1704 1278 1768 γὰρ
1316 1708 1410 1751 ἐκεῖ
1431 1705 1517 1764 μὲν
1543 1709 1702 1767 λαβεῖν
1728 1705 1783 1752 τὸ
1812 1707 1943 1760 ἴδιον,
1972 1710 2183 1754 ἐνταῦθα
2210 1707 2285 1760 δὲ,
2314 1703 2403 1753 κᾶν
2432 1705 2561 1751 ἀλλό-

901 1791 1028 1842 τριον
1054 1772 1097 1840 ᾗ,
1123 1776 1176 1824 τὸ
1207 1776 1468 1839 βέλτιστονι
1944 1785 2080 1832 (Plut.
2108 1783 2227 1824 Mor.
2253 1795 2298 1832 p.
2328 1784 2436 1824 1000
2449 1785 2507 1832 a).

449 1889 610 1956 Cum
660 1912 831 1956 anno
879 1895 1032 1956 ante
1078 1891 1148 1956 in
1193 1891 1617 1974 ephemeride,
1666 1913 1829 1975 quae
1880 1893 2248 1975 appellatur
2283 1890 2571 1956 Bullatin

270 2000 346 2080 de
399 1999 906 2080 cormpondame
949 1997 1340 2079 Helle'nique,
1396 1997 1879 2062 emendationes
1938 1998 2192 2082 aliquas
2240 2000 2305 2061 et
2349 1997 2567 2080 expla-

270 2104 568 2170 nationes
624 2105 696 2168 in
740 2103 1072 2168 Plutarchi
1125 2104 1294 2168 vitas
1348 2105 1697 2186 parallelas
1754 2103 1999 2187 publici
2058 2104 2214 2168 iuris
2268 2103 2567 2188 facerem,

271 2211 341 2276 in
372 2211 740 2296 Moralibus‚
785 2214 860 2275 ut
894 2213 1224 2294 vocantur,
1273 2210 1530 2294 scriptis
1570 2232 1833 2294 operam
1870 2210 2133 2294 perdere
2168 2210 2370 2295 nolui,
2417 2211 2569 2295 quia

269 2318 339 2382 in
385 2316 692 2402 Aegypto
740 2337 1144 2382 commorans
1190 2318 1447 2399 praeter
1493 2315 1843 2380 editionem
1890 2318 2357 2400 stereotypam‚
2404 2337 2567 2399 quae

271 2423 442 2505 apud
490 2415 946 2488 Tauchnitium
995 2443 1166 2486 anno
1219 2421 1388 2486 1829
1437 2420 1695 2506 prodiit,
1748 2421 1944 2486 aliam
1990 2421 2071 2485 ad
2117 2443 2383 2486 manum
2429 2443 2565 2486 non

271 2528 613 2595 habebam.
676 2529 1032 2615 Postquam
1080 2531 1296 2595 autem
1332 2527 1402 2593 in
1435 2525 1855 2594 Germaniam
1890 2528 2059 2610 veni,
2098 2527 2301 2594 otium
2338 2531 2567 2594 nactus

276 2636 564 2701 animum
624 2636 873 2721 induxi,
937 2640 1013 2700 ut
1056 2636 1541 2720 Wyttenbachii
1601 2639 1668 2699 et
1724 2634 2053 2699 Duebneri
2112 2638 2177 2699 et
2229 2634 2572 2726 Sintenisii

274 2742 674 2828 aliorumque
757 2742 1123 2808 criticorum
1206 2742 1408 2826 copiis
1490 2742 1847 2806 instructus
1928 2742 2165 2805 iterum
2236 2742 2571 2807 Plutarchi

279 2848 520 2931 scripta
559 2849 976 2933 perlegerem,
1023 2852 1216 2932 atque
1254 2847 1532 2913 maxime
1568 2848 1639 2911 in
1674 2846 2023 2912 Moralium
2058 2848 2243 2912 libris
2282 2870 2383 2912 me
2423 2870 2571 2913 con-

276 2954 495 3019 tinens
552 2955 886 3037 scriptoris
942 2955 1140 3020 verba
1196 2954 1278 3019 ad
1324 2954 1823 3019 emendatiorem
1868 2954 2148 3019 formam
2193 2956 2568 3041 redigerem.

273 3059 596 3144 Prospera
648 3061 720 3125 ni
777 3060 970 3125 fallor
1024 3060 1287 3125 fortuna
1341 3082 1496 3125 usus
1553 3060 1861 3145 quoniam
1916 3082 2051 3125 non
2096 3082 2302 3144 pauca
2346 3060 2419 3124 in
2462 3061 2567 3126 his

274 3164 459 3230 libris
507 3169 620 3230 aut
659 3166 995 3231 emendavi
1030 3168 1146 3231 aut
1179 3167 1414 3231 rectius
1455 3188 1648 3250 quam
1688 3168 1881 3231 antea
1916 3166 2161 3231 factum
2200 3169 2339 3231 erat
2372 3168 2573 3233 inter-

275 3273 569 3355 pretatus
617 3293 776 3354 sum,
822 3272 982 3338 haec
1027 3294 1158 3337 una
1206 3293 1352 3336 cum
1399 3273 1720 3357 plerisque
1768 3294 2011 3357 eorum,
2056 3294 2219 3357 quae
2267 3277 2459 3339 antea
2502 3274 2574 3337 in

274 3377 427 3441 vitis
472 3378 800 3462 parallelis
848 3381 961 3443 aut
1006 3378 1424 3445 emendandis
1454 3382 1590 3443 »aut
1637 3379 2033 3464 explicandis
2077 3379 2405 3464 praestiti,
2452 3380 2573 3443 sub

271 3506 471 3563 unum
517 3489 934 3569 conspectum
979 3508 1372 3571 proponam,
1433 3489 1508 3549 ut
1549 3486 1825 3550 lectores
1872 3485 2171 3551 benevoli
2218 3489 2285 3549 et
2327 3478 2571 3550 iudices

268 3589 485 3656 idonei
537 3612 716 3657 meas
771 3592 842 3657 in
897 3592 1232 3657 Plutarchi
1287 3593 1528 3676 scripta
1589 3592 1923 3676 symbolas
1982 3590 2234 3656 facilius
2288 3590 2573 3656 iudicare

271 3697 547 3779 possint.
613 3772 617 3777 ,

449 3801 935 3888 Wyttenbachii
973 3803 1186 3888 editio,
1235 3804 1527 3889 quamvis
1549 3804 1914 3889 antiquior,
1962 3805 2107 3887 plus
2144 3808 2366 3869 tamen
2404 3826 2575 3869 com-

273 3908 706 3975 mendationis
754 3932 951 3995 quam
995 3896 1456 3977 Duebneriana
1497 3910 1725 3993 habet3
1771 3931 1849 3974 ex
1894 3910 2010 3974 illa
2055 3911 2227 3975 enim
2274 3910 2573 3995 cognitas

275 4018 341 4079 et
393 4015 685 4081 codicum
740 4017 1052 4083 lectiones
1104 4016 1308 4082 habes
1369 4019 1436 4079 et
1482 4016 1850 4087 criticorum
1895 4015 2073 4081 illius
2120 4015 2431 4098 temporis
2476 4016 2576 4079 in·
2624 4080 2635 4087 ,

273 4124 484 4185 venta.
574 4119 672 4186 De
728 4120 1189 4187 Duebneriana
1242 4124 1494 4205 tamen,
1549 4121 1845 4206 quamvis
1901 4121 2258 4186 recentiore
2316 4123 2384 4184 et
2438 4142 2573 4185 cor·
2655 4156 2662 4171 =

275 4227 564 4312 rectiore,
609 4227 781 4293 idem
828 4226 954 4292 dici
999 4248 1133 4293 non
1177 4231 1412 4312 potest,
1460 4227 1697 4313 quippe
1745 4228 1815 4291 in
1862 4249 1991 4311 qua
2037 4226 2191 4311 quid
2225 4226 2572 4293 Duebnero

277 4334 586 4400 debeatur
639 4335 874 4419 quidve
933 4334 1260 4400 codicibus
1315 4333 1490 4399 haud
1547 4333 1737 4399 facile
1795 4334 1881 4397 sit
1936 4332 2017 4396 ad
2064 4331 2575 4417 discernendum,

275 4441 554 4505 maxime
614 4441 670 4505 si
727 4439 1326 4527 Wyttenbachiana
1389 4461 1625 4505 careas
1714 4438 1836 4505 His
1896 4442 2112 4505 autem
2174 4439 2421 4505 duabus
2479 4441 2575 4505 in-
