3200 5175
1444 312 1918 377 —120—

530 496 702 559 reete
769 489 1005 558 Coraes
1060 491 1224 557 haee
1277 490 1556 556 monuit:
1626 484 1859 568 “Ionos
1912 487 2242 576 γραπτέον
2298 494 2833 577 Καλαμητρίδας.

541 594 629 664 Τὸ
676 594 804 684 γὰρ
853 594 1293 685 Καλαμήτρια
1342 596 1411 663 ἐκ
1457 594 1678 682 μόνου
1734 598 1933 664 τοῦδε
1986 599 2110 664 τοῦ
2155 601 2658 684 Πλουταρχείου
2712 624 2832 685 χω-

532 708 687 789 ρίου
733 700 1127 785 ἀνελέξαντο
1174 704 1285 771 καὶ
1337 703 1372 770 ὁ
1418 703 1771 788 Στέφανος
1814 703 1924 770 καὶ
1986 700 2022 771 ὃ
2069 704 2451 792 Σνειῑδέρος.
2522 700 2837 791 Ἡσύχιος

533 809 608 878 δὲ
653 809 780 879 ἀπὸ
827 809 1278 897 τρισυλλάβου
1336 808 1563 877 ἑνικοῦ
1616 812 1739 877 τοῦ
1796 815 2329 899 Καλαμητρίς,
2389 812 2835 899 ‘Kal-anmoi-

536 921 667 1003 δες,
715 920 794 984 αί
829 914 911 984 τὰ
958 916 1302 1004 δράγματα
1350 917 1836 1002 συλλέγουσαι,’
1883 921 2069 1003 φησί.
2150 917 2286 984 Καὶ
2330 914 2511 1006 παρὰ
2555 922 2647 1009 τῷ
2696 925 2837 986 Πο-

539 1022 846 1092 λυδεύκει
923 1022 999 1092 δὲ
1063 1026 1603 1111 Καλαμητρίδες,
1683 1018 1830 1109 ούχὶ
1896 1023 2360 1113 Καλαμήτριαι
2430 1025 2835 1093 καλοῦνταιῖ

537 1130 662 1199 Sed
705 1154 901 1199 nemo
949 1133 1164 1199 sentit.

715 1239 875 1305 Post
917 1261 1152 1325 pauca:
1198 1232 1328 1317 ὀψέ
1367 1232 1438 1323 μ’
1489 1228 1719 1322 ἦλθες,
1766 1232 1979 1324 ἀρχὴν
2022 1238 2132 1305 καὶ
2181 1240 2615 1326 δημαγωγίαν
2662 1238 2838 1326 διζή-

535 1369 759 1431 μενος,
803 1344 913 1412 καὶ
959 1340 1106 1431 παρ’
1159 1341 1344 1431 ὥραν
1396 1348 1799 1431 στρατηγίου
1842 1342 2108 1423 κόπτεις
2160 1343 2417 1433 θύραν,
2471 1342 2695 1433 ὥσπερ
2740 1372 2841 1426 τις

538 1449 1054 1539 ἀτεχνότερος
1109 1446 1206 1520 ὧν
1261 1450 1524 1539 νύκτωρ
1582 1452 1909 1540 ἐπίκωμος
1962 1450 2330 1541 ἀφιγμένος
2384 1447 2423 1539 ἢ
2472 1452 2688 1539 ξένος,
2754 1450 2840 1523 ού

538 1558 746 1628 τόπον
785 1555 945 1628 οὐδὲ
981 1556 1230 1648 χώραν,
1269 1554 1433 1626 ἀλλὰ
1469 1563 1627 1645 βίον
1664 1550 1746 1627 οὗ
1792 1556 1881 1646 μὴ
1928 1563 2318 1646 πεπείρασαι
2363 1558 2841 1647 μεταλλάττων.

542 1669 789 1736 Vocem
826 1669 1174 1734 manifesizo
1215 1672 1582 1753 corruptam
1628 1662 2057 1753 ἀτεχνότερος
2103 1669 2278 1734 varie
2326 1669 2675 1756 corrigunss.
2738 1669 2841 1734 Ex

541 1776 926 1843 coniecturis
972 1780 1194 1841 tamen
1238 1776 1588 1861 propositis
1646 1777 1893 1841 nullam
1948 1790 2164 1841 veram
2212 1798 2351 1841 esse
2405 1775 2598 1842 facile
2653 1777 2842 1843 intel-

541 1884 798 1968 legitur.
876 1876 1369 1969 Ἀγροικότερος
1417 1883 1591 1949 enim
1630 1882 1843 1967 Wytt.
1890 1906 1930 1949 a
1965 1883 2239 1949 leobione
2284 1884 2527 1949 tradita
2568 1884 2842 1969 recedit3

551 1990 837 2057 eiusdem
882 1993 1097 2056 autem
1146 1984 1436 2075 ἀτεχνῶς
1480 1988 1699 2075 γέρων
1726 1987 1872 2077 (pro
1920 1985 2133 2076 ἀτεχν.
2171 1986 2317 2077 ὤν),
2348 1992 2517 2077 quod
2545 1989 2841 2057 Duebne-

548 2121 659 2165 rus
705 2098 967 2183 recepit,
1012 2098 1294 2165 otiosum
1340 2102 1407 2163 et
1462 2098 1854 2183 superfluum
1910 2103 2035 2185 est,
2096 2122 2243 2192 omn
2302 2100 2381 2165 de
2429 2121 2581 2165 sene
2646 2099 2844 2164 ambi-

547 2206 717 2272 tioso
777 2208 1025 2292 agatur.
1124 2204 1352 2292 Neque
1409 2206 1639 2271 melius
1696 2203 1920 2273 Corais
1976 2208 2070 2273 ἔτι
2130 2202 2470 2293 νεώτερος.
2561 2206 2844 2272 Adiecti-

552 2336 706 2379 vum
751 2312 1117 2399 requiritur,
1163 2336 1292 2403 quo
1350 2313 1751 2399 significetur
1809 2314 1867 2379 is
1912 2314 2023 2399 qui
2078 2313 2337 2381 assiduo
2391 2314 2671 2398 petendo
2730 2312 2846 2377 ali-

551 2420 707 2506 quid
752 2420 1098 2487 molestum
1154 2442 1221 2486 se
1273 2425 1339 2486 et
1399 2422 1843 2507 importunum
1896 2420 2110 2487 reddit
2116 2456 2153 2507 ‚·
2199 2421 2405 2506 qualis
2454 2424 2554 2486 est
2615 2420 2845 2487 Dicae-

503 2589 511 2596 .
553 2528 761 2615 opolis
809 2528 977 2613 apud
1027 2527 1530 2614 Aristophanem
1580 2524 1889 2615 (Acharn.
1935 2525 2125 2617 450):

1335 2632 2377 2721 -----νῢνδὴγενοῦ

817 2748 1193 2831 γλίσχρος
1235 2745 1618 2832 προσαιτῶν
1666 2744 1967 2826 λιπαρῶν
2010 2738 2093 2809 τ’·
2149 2737 2517 2830 Εὐριπίδη,

826 2849 944 2930 δός
987 2876 1102 2938 μοι
1151 2853 1512 2937 σπυρίδιον
1558 2848 2084 2936 διακεκαυμένον
2126 2847 2371 2938 λύχνῳ.

552 2964 620 3026 et
688 2983 863 3048 seqq.
963 2961 1304 3028 Eiusmodi
1369 2960 1731 3026 sententiae
1811 2958 2193 3023 adieetivum
2269 2961 2370 3023 θεὴ
2446 2961 2849 3044 γλίσχρος,

556 3068 729 3152 quod
812 3090 890 3133 ex
969 3069 1235 3154 propria.
1317 3067 1789 3153 significatione
1879 3060 2223 3149 κολλώδης
2298 3065 2529 3130 dicitur
2612 3067 2689 3131 de
2774 3088 2850 3132 eo

554 3175 664 3260 qui
710 3174 990 3258 petendo
1037 3177 1227 3259 urget
1263 3177 1328 3239 et
1373 3174 1818 3258 imporizunum
1866 3193 1934 3236 se
1984 3172 2169 3258 gerit.
2250 3171 2672 3238 Scribendum
2728 3174 2851 3259 igi-

556 3304 666 3364 tur
730 3299 1007 3365 conicio:
1082 3293 1301 3383 ὥσπερ
1366 3322 1465 3376 τις
1522 3270 2099 3364 ΓΛΙΕΧΡόΤΕΡΟ(
2174 3291 2274 3363 ὤν
2345 3294 2475 3380 κὲ.,
2540 3296 2711 3382 quod
2784 3299 2853 3362 in

557 3405 1224 3493 (Γ)ΛΤ(ΧΡΟΤΕΡΟΕ
1270 3407 1310 3470 i.
1377 3427 1428 3469 e.
1480 3399 1909 3489 ἀτεχνότερος
1955 3403 2141 3468 facile
2190 3404 2529 3489 depravari
2573 3406 2849 3489 poterat.

739 3510 808 3579 O.
847 3515 887 3578 3
931 3511 1020 3599 (p.
1071 3512 1202 3578 785
1230 3511 1326 3600 a):
1372 3507 1495 3596 τὴν
1544 3510 1619 3577 ἐν
1669 3511 1983 3576 Οἰδίποδι
2019 3511 2109 3598 τῷ
2159 3507 2263 3576 ἐπὶ
2311 3512 2695 3576 Κολωνοῦ
2739 3507 2854 3576 πά-

561 3621 788 3707 ροδον.
869 3621 974 3687 Ita
1021 3619 1230 3685 adhuc
1277 3619 1504 3704 editur,
1552 3640 1945 3704 quamquam
1991 3615 2231 3684 Goraes
2289 3619 2445 3684 olim
2491 3623 2859 3685 eorrexerais

563 3724 668 3792 ἐπὶ
714 3727 1034 3816 Κολωνῷ,
1079 3749 1206 3811 quo
1253 3727 1420 3792 nihil
1465 3726 1701 3791 tritius,

739 3833 808 3900 O.
854 3836 898 3899 4
954 3835 1044 3920 (p.
1107 3831 1322 3918 785f)
1375 3855 1494 3918 pro
1561 3828 1863 3916 πολλὴν
1932 3827 2133 3898 ἄλυν
2206 3832 2563 3898 rectissime
2618 3831 2858 3899 Coraes

563 3941 973 4008 scribendum
1041 3941 1294 4007 monuit
1346 3933 1562 4004 πολὺν
1630 3933 1802 4004 ἄλυν
1880 3942 1993 4004 aui:
2047 3938 2303 4025 quidem
2360 3934 2617 4023 πολλὴν
2663 3933 2857 4024 ἄλην,

563 4049 708 4115 coll.
753 4073 812 4134 p.
863 4049 945 4114 78
977 4071 1041 4113 a:
1086 4042 1206 4112 τὸν
1254 4042 1425 4112 ἄλυν
1468 4043 1578 4110 καὶ
1625 4040 1747 4130 τὴν
1795 4040 2188 4130 ἀδημονίαν.
2252 4069 2313 4130 p.
2364 4047 2494 4111 274
2523 4046 2591 4113 d:
2641 4043 2861 4113 πολὺν

563 4151 734 4222 ἄλυν
771 4153 881 4222 καὶ
921 4150 1188 4239 σχολήν.
1235 4155 1364 4219 603
1394 4175 1456 4218 e:
1496 4149 1618 4219 τὸν
1656 4149 1872 4219 πολὺν
1910 4148 2081 4219 ἄλυν
2116 4151 2228 4218 καὶ
2265 4151 2535 4238 ῥέμβον.
2586 4153 2858 4220 Eumen.

569 4265 676 4330 11:
722 4258 843 4329 τὸν
889 4257 1060 4328 ἄλυν
1107 4254 1347 4327 αὐτῶν.
1429 4260 1675 4326 Verum
1728 4264 1949 4325 tamen
1996 4260 2076 4324 ad
2134 4281 2335 4324 unum
2397 4281 2619 4326 omnes
2673 4262 2859 4327 vitio-

566 4393 705 4435 sam
750 4371 1094 4436 lectionem
1139 4368 1448 4434 retinent!

745 4475 814 4542 O.
844 4477 883 4542 8
915 4474 1005 4560 (p.
1037 4477 1163 4542 788
1195 4474 1291 4562 a):
1328 4477 1462 4542 νῦν
1500 4471 1645 4560 μὲν,
1680 4477 1807 4560 ἔφη
1838 4473 1951 4563 (se.
1982 4469 2570 4561 Ἐπαμεινώνδας),
2599 4472 2864 4559 θαυμά-
