3200 5175
1193 336 1669 402 -115--

275 512 548 600 δεδιώς,
585 511 818 601 ὅμοιός
856 516 992 583 ἐστι
1027 514 1118 583 κέ.
1189 516 1294 582 Ita
1331 516 1508 583 codd.
1547 515 1701 581 Ald:
1749 510 2097 581 δακτύλων
2136 520 2319 599 ἴχνος
2356 501 2453 579 ὧν
2491 509 2580 598 μὴ

275 622 630 710 περιρρυῇ.
678 624 837 689 Bas:
877 620 1235 689 δακτύλιον
1267 630 1495 707 ίσχνος
1521 611 1620 689 ὦν
1647 618 1737 708 μὴ
1766 621 2019 707 περιρῤ.
2066 621 2405 705 Wyttenb.
2436 629 2583 685 con-

274 733 456 798 iecit:
495 726 720 817 ὥσπερ
763 730 1124 797 δακτύλιον
1161 726 1498 796 δακτύλου
1525 730 1785 813 ἰσχνοῦ,
1827 724 1917 814 μὴ
1943 728 2299 815 παραρῤυῇ
2328 723 2585 804 δεδιοός.

278 839 698 904 Duebnerus:
747 833 967 923 ὥσπερ
1016 838 1412 914 δακτυλίους
1458 831 1820 902 δακτύλιον
1866 842 2051 920 ἴχνος
2095 824 2194 901 ὧν
2238 830 2325 920 μὴ
2366 857 2588 920 περιρ-

279 947 412 1032 ρυῇ
463 941 729 1027 δεδιώς,
774 966 940 1030 quae
987 946 1242 1011 soloeca
1288 947 1456 1009 sunt.
1533 942 2033 1010 Herwerdenus:
2082 938 2301 1027 ὥσπερ
2350 937 2588 1006 δακτύ-

276 1058 433 1118 λιον
485 1048 760 1137 ἰσχνὸς
803 1044 910 1117 ὢν
957 1047 1046 1136 μὴ
1091 1052 1416 1138 περιρρυῇ
1463 1050 1721 1134 δεδιώς,
1771 1050 1974 1136 ‘quae‚
2020 1052 2163 1135 ipso
2211 1050 2442 1133 iudice,
2496 1048 2589 1112 le-

276 1161 560 1225 nissima
605 1163 671 1223 et
717 1158 978 1224 evidens
1025 1162 1127 1223 est
1171 1157 1582 1225 emendatio'.
1654 1158 1800 1245 Ego
1846 1162 1984 1223 tam
2030 1158 2412 1223 mendosam
2450 1177 2590 1221 esse

282 1271 480 1353 puto,
547 1269 624 1331 ut
675 1267 890 1350 ipsum
937 1269 1291 1350 auctorem,
1347 1266 1498 1351 quid
1545 1265 1673 1331 sibi
1722 1266 1929 1330 velint
1974 1267 2089 1330 illa
2134 1260 2405 1349 ἰσχνὸς
2450 1258 2593 1345 ὥν,

281 1375 506 1440 dicere
550 1395 744 1459 posse
787 1393 1040 1459 negem.
1077 1411 1162 1421 —-
1203 1372 1498 1439 Gonieio:
1545 1368 1765 1458 ὥσπερ
1814 1369 2246 1437 δακτύλιον
2282 1368 2593 1453 [δάκτυ-

281 1486 456 1565 λον]
513 1478 753 1566 ἰσχνὸν
796 1504 885 1566 μη
933 1481 1260 1566 περιρρυῇ
1306 1475 1565 1561 δεδιώς,
1613 1481 1653 1545 i.
1700 1502 1753 1545 e.
1800 1474 2020 1564 ὥσπερ
2066 1472 2103 1544 ὃ
2142 1474 2459 1561 συνάγων
2500 1478 2595 1554 εἰς

280 1585 536 1675 μικρὸν
580 1586 690 1653 καὶ
738 1586 1118 1654 συστέλλων
1166 1576 1550 1671 δακτύλιοῦ,
1599 1582 1839 1663 δεδιώς
1874 1583 1963 1671 μὴ
2006 1584 2237 1672 (intell.
2276 1579 2313 1650 ὃ
2353 1580 2593 1649 δακτύ-

281 1694 459 1783 λιος)
525 1696 850 1783 περιρρυῇ
908 1691 1241 1761 δάκτυλον
1299 1690 1554 1777 ἰσχνόν.
1656 1692 1752 1759 Of.
1808 1717 1870 1778 p.
1929 1693 2061 1758 304
2082 1684 2169 1756 bz‘
2216 1689 2402 1769 ἔδοξε
2455 1692 2594 1756 τῶν

281 1804 518 1867 πεδῶν
560 1798 718 1880 τοὺς
761 1806 1033 1890 κρίκους
1061 1840 1144 1849 --
1181 1838 1285 1885 -‚
1331 1795 1697 1885 ἀναλαβεῖν
1735 1795 1904 1886 πρὸς
1940 1798 2057 1875 τὰς
2095 1794 2305 1878 ζώνας
2343 1800 2594 1883 ίμᾶσιν,

284 1905 470 1987 ὅπως
507 1905 596 1993 μὴ
632 1908 1016 1995 περιρρέω
1030 1926 1161 1975 σιν
1196 1902 1354 1995 μηδ’
1389 1908 1793 1992 ἐκβαίνωσιν
1822 1902 2047 1974 αὐτῶν
2076 1906 2149 1973 ἐν
2180 1908 2269 1995 τῷ
2300 1908 2597 1989 βαδίζειν
2646 1939 2649 1943 ·

289 2016 612 2102 χαλαρῶν
655 2015 1058 2102 γενομένων.

475 2122 544 2190 O.
595 2125 676 2189 16
725 2122 814 2209 (p.
863 2123 1092 2208 758e):
1141 2120 1328 2208 ἑτέρα
1375 2118 1440 2188 δ’
1494 2122 1679 2189 ἐστὶν
1714 2159 1800 2170 -
1838 2125 2085 2205 ἔπηλυς
2129 2122 2439 2187 ἐπίπνοια
2486 2119 2597 2187 καὶ

247 2226 686 2325 ,παρατροπὴ
737 2231 860 2296 τοῦ
905 2227 1340 2313 λογιζομένου
1383 2226 1494 2293 καὶ
1541 2230 1994 2313 φρονοῦντος,
2042 2224 2344 2313 άποχὴν
2389 2233 2597 2313 κρείτ-

290 2364 496 2417 τονος
543 2335 892 2423 δυνάμεως
937 2333 1151 2422 ἀρχὴν
1197 2339 1439 2421 ἔχουσα
1484 2335 1594 2401 καὶ
1640 2339 1927 2421 κίνησιν.
2010 2336 2153 2401 Ald.
2198 2335 2349 2401 Bae.
2393 2334 2467 2399 B.
2504 2334 2591 2399 E:

293 2442 519 2534 ἀρχήν
576 2446 746 2531 quod
791 2444 1176 2510 Duebnerus
1222 2445 1475 2529 probat.
1568 2443 1695 2509 Sed
1741 2444 1897 2529 quid
1944 2443 2310 2528 significare
2354 2445 2599 2526 potest:

297 2549 560 2640 ἀρχὴν
613 2591 688 2600 -
741 2548 950 2639 ἀρχὴν
997 2554 1243 2637 ἔχουσα
1288 2548 1397 2617 καὶ
1443 2551 1758 2636 κίνησινῖ
1830 2550 2000 2617 Mez:
2043 2545 2365 2635 κατοχήν,
2426 2549 2601 2634 quod

301 2663 520 2746 Wytt.
566 2662 882 2746 probavit.
928 2697 1016 2706 —-
1056 2653 1295 2745 Ἀρχὴν
1341 2661 1516 2744 ἔχειν
1560 2661 1831 2744 requirit
1876 2653 2005 2724 ἀπό
2050 2681 2264 2736 τινος;
2321 2658 2601 2723 scriben-

298 2770 454 2835 dum
500 2767 704 2852 igitur
751 2767 1068 2851 suspicor:
1114 2761 1246 2831 ἀπό
1284 2764 1527 2852 τιν(ος)
1574 2768 1951 2850 κρείττονος
1997 2762 2346 2849 δυνάμεως
2382 2759 2595 2848 ἀρχὴν

299 2879 546 2961 ἔχουσα
591 2871 702 2938 καὶ
746 2876 1034 2957 κίνησιν.
1108 2873 1409 2938 ΑΠΟΤΙΝ
1459 2873 1649 2937 facile
1696 2873 1764 2938 in
1810 2867 2071 2957 άποχήν
2116 2873 2443 2957 corrumpi
2489 2895 2601 2957 po-

299 2987 490 3049 terat.

479 3089 728 3156 Ibidem
767 3085 859 3176 (p.
900 3084 1140 3173 759d):
1187 3081 1367 3173 ὅμως
1413 3081 1476 3152 δ’
1529 3085 1635 3152 ἐπὶ
1684 3084 1967 3173 δυνάμει
2012 3086 2123 3153 καὶ
2162 3081 2451 3174 ὠφελείᾳ
2486 3083 2604 3173 μά-

304 3202 493 3264 λιστα
531 3196 704 3261 θεοῦ
739 3191 981 3260 καθότι
1017 3191 1107 3260 κὲ.
1171 3193 1500 3262 Lacunam
1523 3194 1679 3280 *XyL
1717 3196 2057 3280 participio
2098 3192 2604 3280 σεμνυνομένου

306 3305 407 3370 vel
455 3301 943 3387 ἐπαινουμένου
991 3303 1375 3388 explendam
1419 3307 1659 3368 censet.
1729 3303 2057 3367 Reiskius:
2105 3298 2283 3386 ὅμως
2321 3300 2416 3384 δέ,
2465 3300 2604 3368 ἐπεὶ

311 3410 589 3497 δυνάμει
623 3407 734 3476 καὶ
773 3405 1060 3497 ὠφελείᾳ
1097 3405 1302 3486 θεοὺς
1329 3413 1709 3493 κρίνομεν
1738 3404 1867 3494 (vel
1897 3406 2309 3495 νομίζομεν),
2346 3405 2605 3474 καθότι.

310 3517 529 3604 Wytt:
586 3516 723 3583 ἐπεὶ
777 3553 851 3563 -—-
902 3517 1074 3582 θεοῦ
1133 3512 1257 3600 τὴν
1317 3510 1657 3601 ὑπεροχὴν
1716 3509 2151 3600 ἄνατίθεμεν,
2211 3512 2469 3581 καθότι.
2524 3553 2598 3562 -

310 3625 602 3692 Oonioio:
667 3623 807 3691 ἐπεὶ
867 3627 1012 3690 δυν.
1081 3621 1191 3688 καὶ
1253 3617 1540 3710 ὠφελείᾳ
1595 3619 1881 3706 μάλιστα
1936 3618 2186 3704 θεοὺ[ς
2257 3622 2607 3710 διαφέρειν

286 3727 687 3817 ἡγούμεθα]
706 3781 725 3816 ,
770 3728 1013 3798 καθότι
1058 3728 1148 3797 κὲ.
1235 3729 1336 3795 De
1385 3731 1707 3796 sententia
1750 3730 1829 3796 of.
1876 3753 2041 3816 quae
2091 3731 2172 3796 ad
2218 3731 2419 3797 Arist.
2465 3754 2516 3796 c.
2564 3733 2605 3796 6

315 3839 642 3922 annotavi,
707 3842 772 3903 et
816 3862 876 3922 p.
929 3839 1167 3905 1086a.

490 3943 559 4010 O.
601 3944 682 4009 19
731 3943 821 4031 (p.
862 3943 1089 4027 764f):
1139 3943 1328 4030 δευρὶ
1377 3942 1504 4011 δὲ*
1548 3947 1683 4011 τῶν
1730 3944 2069 4012 ἐνυπνίων
2110 3939 2460 4024 ἀσπάζεται
2496 3944 2607 4011 καὶ

310 4051 558 4138 τέθηπε
596 4049 670 4118 τὸ
712 4048 1069 4117 κάλλιστον
1108 4049 1217 4116 καὶ
1246 4049 1621 4118 θειότατον.
1688 4053 1988 4118 Reiskius
2020 4054 2371 4137 supplevit:
2419 4051 2607 4138 δευρὶ

314 4157 388 4226 δὲ
432 4157 758 4244 γενομένη
806 4153 848 4242 ἡ
894 4154 1072 4242 ψυχὴ
1121 4159 1258 4222 τῶν
1305 4157 1530 4224 ἐνυπν.
1603 4160 1825 4244 Wytt:
1874 4159 2065 4243 δευρὶ
2114 4155 2187 4224 δὲ
2234 4153 2608 4244 ἀφικομένη

315 4263 483 4352 ὄναρ
532 4267 691 4349 ἐστί,
739 4265 814 4330 ἐν
861 4253 912 4356 ᾧ
957 4259 1078 4329 τὸν
1125 4259 1345 4348 ἥλιον,
1393 4259 1482 4342 ὥς
1525 4265 1663 4331 τῶν
1711 4264 1937 4331 ἐνυπν.
2020 4265 2407 4330 Duebnerus
2455 4266 2611 4330 seri-

314 4375 474 4459 psit:
521 4370 710 4458 δευρὶ
759 4368 833 4436 δὲ
883 4369 1238 4454 [γενομένη
1288 4366 1482 4457 ὄναρ]
1531 4374 1666 4438 τῶν
1715 4371 2071 4439 ἐνυπνίων.
2114 4410 2191 4419 -
2232 4372 2609 4438 Aceommo-

319 4497 531 4564 datius
576 4501 763 4583 puto:
810 4494 997 4582 δευρὶ
1047 4492 1121 4560 δὲ
1169 4491 1287 4578 [ὡς
1323 4497 1440 4567 ’eu
1480 4484 1801 4581 ῩΠΝωι]
1838 4499 1975 4565 τῶν
2014 4471 2483 4566 ἐΝΥΠΝίωΝ
2522 4495 2615 4564 κέ.

2111 4601 2185 4659 s*
