3200 5175
1511 335 1586 346 ..-
1685 298 1771 362 70
1862 335 1945 344 -..

587 482 837 546 ceterae
881 476 1288 544 coniectura-e
1326 479 1394 543 et
1437 476 1873 542 correctiones
1916 475 2077 540 mihi
2120 474 2379 560 quidem
2424 496 2558 540 non
2601 473 2881 558 proban-

582 589 705 651 tur.
770 582 1063 650 Conicio:
1101 578 1394 648 ἄλαστον
1430 576 1662 665 ἀγῶνα
1689 578 1800 646 καὶ
1838 577 2228 648 σύντασιν
2264 581 2383 666 τῆς
2410 577 2681 667 γνώμης
2712 583 2884 664 ἔχων

585 686 699 756 διὰ
735 684 852 768 τάς
888 684 1351 773 ἀντιτάξεις,
1388 689 1492 754 vel
1522 681 1875 774 συρράξεις
1904 686 2167 774 (quibus
2196 687 2412 753 verbis
2441 687 2882 772 Thucydides:

582 797 989 881 φιλονεικῶν
1021 833 1096 844 --
1131 789 1300 879 πρὸς
1325 789 1695 905 ἀντίπαλόν
1721 817 1786 859 τι
1813 793 1929 879 τῆς
1965 795 2338 879 ναυμαχίας
2366 789 2716 871 ἀπιδόντες
2742 793 2883 858 bre-

585 922 751 988 viter
815 917 1362 1012 comprehendit),
1419 919 1653 1000 ω([τε
1718 913 1829 984 διὰ
1895 913 1971 984 τὸ
2029 912 2382 1004 ἀκρίτωζ]
2442 913 2713 1003 συνεχὲς
2769 917 2886 1002 τῆς

587 1022 866 1114 ἁμίλλης
913 1025 1024 1094 καὶ
1069 1037 1212 1104 τοῖς
1255 1023 1420 1112 σώμ.
1467 1063 1550 1074 -·
1601 1021 2213 1108 συναπονεύειν,
2266 1027 2347 1112 τῇ
2400 1048 2471 1090 τε
2527 1025 2709 1090 διαθ.
2775 1023 2887 1091 καὶ

587 1137 755 1202 διατ.
800 1135 937 1201 τῶν
982 1132 1362 1219 γινομένων
1404 1157 1604 1217 γραφ.
1653 1131 2001 1217 ἐναργείας
2048 1125 2315 1219 [οὐδὲν
2358 1125 2886 1198 ἀπολείπουσι

587 1244 687 1308 vel
715 1237 1102 1322 ἀποδέουσι,
1121 1239 1200 1305 cf.
1217 1263 1280 1325 p.
1306 1239 1474 1306 1096
1492 1263 1526 1306 e
1555 1242 1623 1305 et
1647 1227 2073 1326 passim].'De
2102 1231 2467 1316 ἀντιτάξεις
2490 1238 2570 1304 cf.
2591 1262 2652 1323 p.
2670 1239 2807 1305 360
2826 1261 2888 1304 c:

591 1344 933 1425 Πύθωνος
969 1341 1332 1424 ἀντιτάξεις
1367 1341 1536 1432 πρὸς
1573 1339 1979 1427 Ἀπόλλωνα,
2018 1367 2079 1428 p.
2116 1344 2248 1411 952
2269 1345 2337 1410 d:
2374 1339 2742 1424 ἀντιτάξεις
2777 1344 2887 1410 καὶ

591 1449 1036 1521 ἀντιπάθειαι.
1127 1451 1307 1532 Quae
1361 1475 1484 1540 ego
1541 1456 1617 1519 ut
1645 1453 1741 1517 «in
1794 1453 1939 1518 loco
1986 1451 2325 1537 desperato
2381 1474 2703 1536 propono3
2760 1473 2888 1517 me-

591 1563 816 1628 liorem
865 1561 1334 1628 correctionem
1379 1559 1659 1626 libenter
1702 1560 2071 1644 amplectar.

768 1665 874 1733 De
909 1664 1107 1733 Iside
1143 1666 1218 1732 et
1254 1663 1537 1733 osiride
1575 1688 1627 1732 c.
1662 1668 1695 1732 1
1738 1662 1827 1752 (p.
1865 1665 1991 1732 351
2025 1661 2126 1750 b):
2171 1659 2261 1743 ὥς
2299 1659 2505 1730 οὐδὲν
2546 1658 2889 1753 ἀνθρώπῳ

593 1778 825 1859 λαβεῖν
857 1777 1104 1859 μεῖξον,
1141 1768 1226 1839 οὐ
1263 1777 1670 1858 χαρίσασθαι
1716 1773 1857 1863 θεῷ
1896 1767 2317 1857 σεμνότερον.
2390 1771 2605 1859 Magis
2649 1773 2889 1858 placet:

595 1874 755 1946 οὐδὲ
800 1863 1225 1966 χαρίσάσθαι.
2394 1908 2412 1925 1

771 1985 841 2052 C.
878 1987 921 2052 2
950 1983 1039 2072 (p.
1069 1986 1195 2052 351
1227 1984 1323 2073 f):
1362 1985 1667 2052 διασπῶν
1698 1985 1811 2072 (sc.
1847 1981 1883 2051 ὁ
1931 1982 2209 2074 Τυφών)
2243 1983 2354 2050 καὶ
2392 1979 2741 2070 ἀφανίζων
2772 1981 2892 2052 τὸν

596 2089 783 2177 ἱερὸν
859 2089 1090 2178 λόγον,
1172 2085 1255 2158 ὃν
1309 2087 1350 2176 ἡ
1406 2088 1568 2170 θεὸς
1625 2130 1706 2140 -
1774 2093 2197 2179 παραδίδωσι
2257 2103 2399 2170 τοῖς
2468 2091 2893 2179 τελουμένοις

593 2195 1011 2275 θειώσεως.
1095 2198 1200 2263 Ita
1245 2198 1427 2264 codd.
1468 2197 1691 2283 Wytt:
1736 2201 1943 2278 θείως
1987 2193 2187 2278 ὁσίως
2232 2223 2319 2266 τε.
2402 2197 2732 2265 Reiskius:
2779 2195 2892 2265 διά

593 2304 948 2382 θειώσεως.
1033 2303 1331 2371 Gonicio:
1398 2313 1539 2383 τοϊς
1592 2304 2017 2391 τελουμένοις
2059 2300 2203 2371 θεῖ’
2257 2305 2386 2395 (vel
2431 2305 2617 2393 θεῖα)
2664 2301 2891 2385 ὁσίοις.

596 2410 694 2478 Cf.
722 2435 784 2497 p.
812 2411 944 2478 352
964 2413 1028 2497 b,
1065 2411 1176 2476 ubi
1206 2411 1286 2476 de
1312 2407 1482 2478 Iside
1513 2413 1695 2477 dicit:
1731 2411 1841 2478 καὶ
1872 2409 2319 2480 δεικνύουσαν
2347 2409 2431 2478 τὰ
2453 2419 2614 2478 θεῖα
2640 2423 2781 2491 τοῖς
2814 2451 2886 2460 -

598 2514 1067 2605 ἱεραφόροις
1133 2515 1245 2582 καὶ
1313 2514 1837 2605 ἱεροστόλοις,
1913 2542 2075 2606 quos
2142 2521 2347 2585 altero
2411 2520 2556 2587 loco
2622 2513 2895 2598 ὁσίους

597 2626 902 2711 appellat.
985 2624 1116 2691 353
1147 2626 1216 2691 b:
1265 2621 1707 2703 διδάσκοντας
1750 2622 1831 2690 τά
1878 2632 2051 2692 θεῖα.
2135 2625 2235 2691 De
2282 2622 2469 2704 ὅσιος
2514 2626 2590 2694 cf.
2628 2648 2681 2693 c.
2719 2628 2823 2693 35.

777 2731 846 2798 C.
875 2733 916 2798 3
948 2730 1040 2817 (p.
1059 2733 1191 2800 352
1210 2730 1284 2818 b)
1315 2733 1594 2799 conicio:
1627 2728 1734 2799 διὸ
1761 2730 1875 2798 καὶ
1902 2735 2039 2799 τῶν
2074 2769 2147 2781 —-
2184 2735 2489 2803 Μουσῶν
2512 2731 2640 2819 τὴν
2666 2732 2893 2820 προτέ-

598 2863 727 2926 ραν
759 2828 928 2905 Ἰσιν
971 2834 1109 2925 ἅμα
1151 2839 1261 2905 καὶ
1301 2836 1769 2925 Δικαιοσύνην
1812 2840 2116 2923 καλοῦσι,
2161 2836 2422 2926 σοφὴν
2459 2830 2711 2908 οὖσαν
2748 2840 2891 2929 (pro

598 2946 910 3033 σοφίαν),
955 2941 1178 3033 ὥσπερ
1229 2951 1499 3032 εἴρηται.
1579 2944 1755 3013 Nam
1802 2950 1955 3013 ante
2002 2946 2167 3013 dixit
2210 2969 2263 3014 c.
2310 2948 2380 3014 2:
2433 2941 2520 3031 ἣν
2565 2942 2651 3016 σὺ
2696 2954 2893 3035 θερα-

597 3050 1202 3138 πεύειςέξαιρέτως
1244 3048 1505 3137 σοφὴν
1539 3050 1652 3118 καὶ
1690 3048 2073 3138 φιλόσοφον
2108 3041 2379 3120 οὖσαν.
2433 3054 2650 3138 Wytt:
2682 3045 2893 3121 οὖσαν

599 3161 867 3242 σοφίαν.
949 3158 1254 3244 Bentley:
1302 3155 1542 3244 σοφήν.

776 3265 982 3332 Paulo
1025 3270 1179 3350 post
1223 3265 1565 3353 legendum
1611 3270 1797 3352 puto:
1856 3256 2043 3333 οὗτοι
2094 3266 2175 3334 δέ
2216 3270 2387 3334 εἰσιν
2435 3269 2507 3333 οί
2543 3252 2681 3334 τὸν
2713 3264 2898 3355 ἱερὸν

599 3373 808 3457 λόγον
843 3408 928 3419 --
968 3373 1042 3439 ἐν
1087 3373 1168 3459 τῇ
1205 3372 1384 3467 ψυχῇ
1423 3372 1745 3459 φέροντες
1788 3372 1917 3439 καὶ
1963 3370 2181 3461 ὥσπερ
2220 3374 2293 3440 ἐν
2338 3373 2895 3461 κίστηπεριστέλ-

601 3484 830 3557 λοντες
874 3477 998 3565 μὲν
1040 3475 1122 3545 τά
1169 3479 1423 3564 μέλανα
1467 3478 1578 3545 καὶ
1626 3476 1875 3565 σκιώδη
1921 3486 2055 3548 κτλ.
2110 3504 2257 3566 pro:
2302 3480 2623 3568 φέροντες
2676 3477 2899 3567 ὥσπερ

603 3585 678 3652 ἐν
723 3589 912 3671 κίστῃ
957 3584 1069 3651 καὶ
1115 3586 1671 3671 περιστέλλοντες,
1715 3582 1799 3653 τὰ
1842 3584 1965 3673 μὲν
2011 3588 2263 3673 μέλανα
2307 3586 2398 3653 κε’.

783 3692 849 3758 O.
897 3693 981 3757 10
1021 3692 1109 3779 (p.
1138 3692 1270 3758 354
1290 3688 1382 3778 a):
1423 3686 1705 3777 μάλιστα
1754 3688 1818 3759 δ’
1870 3682 2067 3772 οὗτος
2103 3692 2219 3781 (sc.
2248 3688 2284 3760 ὁ
2324 3692 2773 3783 Πυθαγόρας)
2810 3692 2898 3775 ὥς

604 3801 777 3865 ἔοικε
823 3796 1247 3884 θαυμασθεὶς
1293 3796 1404 3863 καὶ
1448 3794 1807 3884 θαυμάσας
1842 3796 1999 3878 τοὺς
2042 3796 2297 3887 ἄνδρας
2333 3796 2787 3888 ἀπεμιμήσπο
2822 3799 2897 3869 τό

603 3900 1015 3992 συμβολικὸν
1065 3899 1290 3970 αὐτῶν
1333 3903 1445 3970 καὶ
1490 3907 1964 3992 μυστηριῶδες.
2046 3905 2267 3973 Verba
2319 3909 2747 3993 θαυμασθεὶς
2790 3912 2907 3975 καί

603 4014 787 4079 uncis
823 4012 1088 4079 inclusit
1120 4011 1594 4079 Herwerdenus
1608 4015 2115 4100 'annotavitquez
2162 4014 2551 4081 ‘sacerdotes
2590 4014 2899 4101 Aegyptii

603 4120 976 4205 peregrinos
1022 4141 1155 4186 non
1191 4120 1491 4187 solebant
1535 4121 1842 4187 admirari
1856 4172 1873 4205 ,
1928 4144 2125 4206 quare
2176 4121 2590 4207 participium
2635 4127 2896 4207 θαυμα-

607 4230 798 4304 σθείς
841 4226 1011 4292 nihil
1057 4227 1234 4295 aliud
1273 4249 1412 4294 esse
1456 4232 1619 4313 puto
1666 4250 1859 4315 quam
1896 4226 2142 4294 variam
2188 4228 2529 4294 lectionem
2576 4250 2694 4314 pro
2733 4235 2897 4295 θαυ-

604 4331 862 4418 μάσας.’
942 4332 1264 4400 Neutrum
1309 4337 1548 4420 placet3
1604 4338 2031 4420 θαυμασθείς
2087 4336 2267 4401 varia
2320 4336 2513 4401 lectio
2568 4356 2709 4403 esse
2764 4358 2898 4404 non

610 4443 866 4524 poterat
927 4444 1222 4526 propter.
1257 4436 1443 4519 τοὺς
1505 4436 1776 4523 ἀνδρας.
1876 4442 2083 4507 Alteri
2146 4442 2388 4509 rationi
2448 4447 2707 4527 praeter
2770 4443 2896 4509 alia
