3200 5175
1531 254 1923 317 ...6-

579 434 936 518 genitivum
985 435 1111 498 τοῦ
1153 429 1393 514 πόνου,
1437 433 1617 497 nulla
1654 454 1811 496 sane
1852 432 2191 513 sententia,
2234 423 2609 515 requireret.
2671 431 2887 497 Cobe-

579 544 688 604 tus
743 543 958 604 autem
1003 540 1180 623 turpi
1217 540 1470 603 macula
1512 534 1641 622 τὴν
1684 534 1885 622 ἰσχύν
1922 539 2094 602 eluta
2132 538 2475 602 substituit
2508 533 2631 602 τὸν
2664 534 2891 603 τόκον.

766 645 1016 737 Neutra
1051 646 1420 711 emendatio
1457 667 1604 709 meo
1643 645 1903 729 quidem
1939 644 2177 709 iudicio
2216 667 2371 708 vera.
2396 649 2515 711 est.
2574 644 2889 709 Datimm

582 754 756 817 enim
803 775 1030 817 sensus
1068 754 1180 838 qui
1214 754 1284 817 in
1319 754 1705 828 δανεισθείς
1730 752 2101 817 continetur
2126 752 2421 836 requirit,
2464 775 2609 816 cum
2636 774 2769 833 προ
2802 790 2883 797 -

583 860 852 925 eandem
901 860 1034 923 vim
1081 881 1158 923 ac
1191 855 1546 942 πρότερον,
1590 859 1633 922 i.
1670 880 1723 922 e.
1760 863 2109 942 antequam
2146 880 2313 941 opus
2354 859 2729 923 absolutum
2766 862 2889 940 est,

583 967 825 1031 habeat
877 971 944 1030 et
989 962 1198 1050 ἰσχύϊ,
1253 987 1418 1049 quae
1463 968 1723 1049 postea,
1774 965 1815 1029 i.
1860 986 1915 1028 e.
1958 968 2111 1047 post
2155 958 2319 1047 opus
2363 970 2731 1049 peractum,
2774 988 2885 1048 ap-

585 1077 799 1157 paret,
861 1075 1244 1155 opponatur.
1335 1069 1637 1135 Ceterum
1684 1070 1915 1136 Cobeti
1968 1067 2093 1136 τὸν
2151 1068 2357 1139 τόκον
2408 1077 2478 1136 et
2521 1096 2563 1136 a
2604 1072 2883 1135 lectione

589 1179 834 1243 tradita
893 1179 1090 1262 longe
1149 1177 1392 1241 recedit
1443 1181 1511 1241 et
1563 1199 2115 1261 supervacaneum
2172 1183 2289 1243 est.
2378 1178 2623 1243 Locum
2674 1178 2881 1264 igitur

589 1288 908 1351 intactum
961 1284 1322 1368 relinquere
1367 1285 1688 1368 optimum
1731 1284 1911 1348 factu
1954 1289 2083 1365 est,
2136 1289 2212 1349 ut
2238 1268 2579 1350 'sententia
2622 1287 2884 1349 brevius

587 1415 892 1477 expressa
928 1392 1024 1455 sic
1061 1393 1441 1475 explicetur:
1486 1391 1790 1475 Tempus,
1826 1391 1997 1476 quod
2042 1393 2189 1476 quis
2233 1398 2417 1455 antea
2454 1393 2539 1456 ad
2565 1415 2729 1475 opus
2759 1394 2887 1456 ela-

586 1499 947 1565 borandum
994 1501 1326 1565 mutuatus
1374 1502 1532 1581 erat,
1575 1520 1709 1562 non
1756 1499 1949 1581 perit:
2008 1521 2138 1562 non
2184 1500 2449 1563 irritum
2495 1503 2732 1582 restat,
2777 1499 2893 1561 sed

590 1607 791 1671 robur
837 1606 1054 1688 adicit,
1099 1607 1199 1670 vel
1246 1607 1316 1670 in
1350 1605 1815 1669 firmitudinem
1861 1610 2318 1689 commutatur,
2362 1628 2529 1690 quae
2562 1612 2779 1687 postea
2814 1606 2887 1669 in

587 1735 778 1796 opere
825 1713 1099 1776 multum
1145 1717 1214 1777 et
1258 1712 1368 1775 diu
1411 1717 1795 1777 conservato
1844 1717 2135 1795 apparet.
2225 1712 2571 1776 Translate
2616 1735 2657 1775 a
2699 1733 2887 1795 pecu-

587 1820 699 1884 nia
753 1819 978 1883 fenore
1035 1818 1188 1882 data
1242 1818 1486 1882 dictum
1543 1819 1717 1883 hanc
1774 1819 1909 1883 vim
1951 1819 2183 1883 habet:
2242 1822 2490 1903 quanto
2536 1820 2683 1902 plus
2727 1822 2889 1882 tem-

589 1949 710 2010 pus
757 1928 985 1991 mutuo
1031 1929 1360 2008 sumptum
1410 1929 1526 2008 est,
1569 1929 1759 1989 tanto
1800 1926 1999 1989 etiam
2036 1926 2250 2008 operis
2288 1926 2619 1991 firmitudo
2658 1926 2885 1991 maior.

591 2032 686 2098 Of.
731 2057 792 2117 p.
837 2033 968 2097 388
1000 2055 1060 2097 c:
1125 2026 1168 2113 ἡ
1223 2029 1430 2114 φύσις
1483 2031 1787 2113 λαβοῦσα
1832 2068 1917 2077 -
1966 2025 2317 2096 ἀποδοῦσα
2371 2028 2499 2114 τὴν
2552 2026 2767 2116 ἀρχὴν
2815 2032 2893 2097 ἐν

589 2142 679 2228 τῷ
732 2142 904 2205 τέλει
959 2140 1083 2204 τοῦ
1125 2135 1394 2215 παντός.
1476 2140 1607 2204 398
1637 2162 1699 2203 c:
1757 2133 1793 2201 ὁ
1840 2137 2083 2222 χρόνος
2124 2134 2348 2222 ὥσπερ
2394 2132 2690 2222 ὀφείλων
2734 2134 2893 2204 ἀπο-

591 2247 904 2313 δέδωκεν.
986 2247 1114 2310 437
1148 2268 1210 2310 c:
1263 2246 1444 2310 πᾶσα
1497 2242 1629 2329 γὰρ
1686 2242 1973 2329 δύναμις
2016 2239 2055 2310 ὃ
2100 2244 2354 2329 πέφυκε
2401 2284 2485 2292 —-
2532 2245 2799 2327 βέλτιον
2850 2239 2891 2329 ἢ

588 2366 816 2438 χεῖρον
861 2347 1255 2418 ἀποδίδωσι.
1327 2354 1456 2417 637
1488 2376 1553 2417 a:
1601 2348 1823 2436 ὥσπερ
1869 2348 2141 2436 ὄφλημα
2184 2354 2265 2437 τῇ
2311 2349 2511 2436 φύσει
2550 2349 2673 2436 τὴν
2710 2351 2893 2435 γένε-

593 2480 706 2527 σιν
747 2455 1238 2527 ἀποδιδόντων.
1314 2460 1442 2524 796
1477 2460 1543 2523 b:
1588 2454 1665 2523 τὸ
1714 2456 1790 2522 δὲ
1834 2455 2047 2523 καλὸν
2086 2457 2197 2523 καὶ
2234 2456 2571 2537 λυσιτελὲς
2604 2455 2895 2542 ὕστερον

592 2564 982 2633 ἀποδίδωσι.

777 2713 856 2723 -
913 2675 1020 2739 15:
1068 2675 1246 2738 αἰτία
1293 2671 1368 2738 δὲ
1413 2710 1492 2720 -
1531 2668 1573 2758 ἡ
1620 2659 1771 2758 περὶ
1814 2670 1937 2739 τὸν
1976 2678 2132 2757 βίον
2170 2671 2334 2752 δόξα
2370 2674 2480 2739 καὶ
2515 2679 2735 2752 πίστις
2768 2677 2893 2740 τοῦ

592 2778 865 2865 ἀνδρός,
910 2775 1346 2864 ἀδωροτάτου
1395 2817 1470 2826 —-
1522 2779 1895 2865 γενομένου
1940 2778 2051 2844 καὶ
2096 2771 2453 2865 χρημάτων
2488 2786 2893 2865 κρείττονος·

594 2884 669 2967 ὃς
731 2888 843 2954 καὶ
905 2884 1031 2972 τὴν
1093 2884 1298 2953 πόλιν
1359 2887 1431 2952 ἐκ
1485 2885 1774 2972 μεγάλης
1835 2891 2154 2972 μεγίστην
2220 2885 2331 2952 καὶ
2384 2885 2894 2973 πλουσιωτάτην

595 2992 879 3078 ποιήσας
921 2992 1032 3059 καὶ
1077 2990 1440 3077 γενόμενος
1487 2991 1768 3078 δυνάμει
1814 2995 2082 3059 πολλῶν
2129 2994 2463 3076 βασιλέων
2508 2994 2618 3059 καὶ
2655 2992 2894 3080 τυράν-

596 3126 741 3167 νων
795 3096 1186 3184 ὑπέρτερος,
1249 3089 1358 3171 ὧν,
1409 3103 1619 3165 ἔνιοι
1674 3099 1801 3165 καὶ
1858 3100 1982 3166 ἐπὶ
2036 3114 2203 3178 τοῖς
2255 3101 2468 3168 υἱέσι
2524 3100 2894 3168 διέθεντο

595 3209 847 3286 ἐκεῖνος
906 3209 1026 3296 μιᾷ
1073 3209 1333 3293 δραχμῇ
1383 3211 1655 3291 μείζονα
1698 3205 1826 3292 τὴν
1872 3204 2113 3275 οὐσίαν
2160 3203 2285 3274 οὐκ
2332 3207 2674 3292 ἐποίησεν,
2732 3199 2811 3292 ἦς
2856 3205 2894 3274 ὁ

594 3313 812 3399 πατὴρ
867 3310 1045 3403 αὐτῷ
1099 3314 1464 3381 κατέλιπεν.
1557 3316 1777 3380 Verba.
1834 3305 1931 3382 ὧν
1985 3355 2058 3362 -
2112 3315 2421 3382 διέθεντο
2468 3317 2899 3400 interpretan-

596 3428 729 3488 tur:
796 3422 1092 3508 ‘quorum
1159 3425 1272 3508 (sc.
1337 3443 1563 3508 regum
1626 3425 2207 3508 tyrannorumque)
2269 3425 2569 3488 nonnulli
2626 3428 2694 3487 et
2744 3424 2896 3488 filiis

599 3531 1054 3613 superstitibus
1121 3533 1584 3594 testamentum
1648 3530 1981 3614 fecerunt’,
2059 3553 2223 3616 quae
2288 3531 2441 3615 quid
2505 3531 2632 3594 sibi
2694 3531 2901 3594 velint

597 3635 844 3699 frustra
902 3658 1204 3721 quaeres;
1265 3636 1376 3700 alii
1433 3638 1763 3702 subaudiri
1816 3639 2144 3702 iusserunt
2189 3631 2404 3721 ἀρχήν
2413 3688 2431 3720 ,
2488 3637 2659 3722 quod
2717 3637 2897 3702 nullo

600 3741 792 3806 modo
855 3743 1019 3806 licet.
1111 3742 1480 3828 Madvigius
1541 3745 1847 3808 correxit:
1912 3733 2010 3808 ὧν
2072 3746 2241 3808 ἔνιοι
2297 3740 2408 3807 καὶ
2468 3742 2899 3828 ἐπίτροπον

601 3859 742 3924 τοῖς
787 3847 965 3914 υἱέσι
1011 3846 1345 3930 διέθεντο,
1392 3849 1706 3915 ἐκεῖνον
1751 3852 1871 3936 μιᾷ
1916 3849 2008 3915 κέ.
2054 3872 2215 3934 quae
2255 3850 2566 3915 correctio
2603 3850 2781 3915 omni
2818 3873 2897 3915 ex

603 3958 788 4040 parte
834 3957 1004 4020 falsa
1047 3962 1166 4022 est.
1239 3955 1529 4021 Primum
1575 3958 1749 4022 enim
1792 3957 2008 4021 nullus
2056 3979 2167 4021 rex
2209 3957 2307 4021 vel
2345 3960 2681 4042 tyrannus,
2727 3959 2899 4043 quod

607 4063 837 4146 sciam,
889 4062 1123 4128 Pericli
1178 4063 1452 4127 tutelam
1507 4065 1791 4129 filiorum
1848 4064 2187 4129 commisit.
2288 4065 2632 4128 Praeterea
2691 4064 2898 4128 διατί-

601 4173 814 4252 θεμαί
850 4194 1002 4234 τινα
1045 4181 1187 4247 τοῖς
1232 4169 1453 4236 υἱέσιν
1499 4169 1857 4254 ἐπίτροπον
1901 4171 2250 4237 barbarum
2296 4176 2422 4254 est3
2470 4192 2699 4256 graece
2746 4172 2899 4235 dici-

601 4278 712 4338 tur
771 4278 1140 4360 καθίστημί
1195 4301 1347 4342 τινα
1412 4276 1769 4360 ἐπίτροπόν
1835 4301 1989 4342 τινι.
2056 4316 2139 4326 --
2204 4279 2449 4355 Verba,
2522 4277 2599 4340 de
2647 4279 2900 4362 quibus

608 4402 819 4447 sermo
858 4385 975 4466 est,
1022 4405 1124 4449 me
1162 4384 1386 4466 iudice,
1433 4406 1580 4448 cum
1619 4385 2132 4470 insequentibus:
2176 4384 2297 4472 μιᾷ
2334 4385 2594 4470 δραχμῇ
2631 4386 2901 4469 μείζονα
