3200 5175
1465 244 1859 305 -8-

515 423 635 501 βος
677 397 983 501 περιέστη
1029 414 1154 501 τὴν
1203 415 1527 502 Σπάρτην
1573 417 1717 504 (ubi
1762 419 1841 483 cf.
1886 416 2287 506 Kruegerus)
2337 422 2403 484 et
2446 418 2615 484 Plut.
2660 419 2815 503 Lyc.

518 527 634 590 28:
689 523 1004 609 μέγιστον
1049 526 1130 611 τῇ
1173 521 1364 589 πόλει
1409 525 1797 609 περιστῆσαι
1831 525 2194 589 κίνδυνον.
2286 524 2381 590 Cf.
2428 526 2652 610 Pomp.
2706 528 2817 591 13:

519 634 614 708 εἰς
659 628 974 716 ἐσχάτους
1017 633 1408 716 περιστῆσαι
1453 627 1819 707 κινδύνους
1863 628 1980 717 (sc.
2027 626 2293 717 αὐτόν).
2365 632 2593 718 Itaque
2633 634 2817 697 valde

518 762 770 823 vereor,
817 761 898 802 ne
945 740 1116 804 Plut.
1164 735 1386 822 φόβον
1429 737 1819 823 περιέστησε
1862 740 2179 803 translate
2224 740 2468 804 dictum
2516 740 2604 803 sit
2650 741 2820 804 sicut

518 847 678 912 illud
725 846 1242 931 Thucydideum,
1289 848 1570 911 maxime
1617 868 1762 910 cum
1804 846 2399 930 πολιορκουμένοις
2444 847 2819 912 subiciatur.

519 953 742 1019 Nihilo
798 954 1012 1017 minus
1068 976 1232 1037 quae
1279 952 1566 1018 Cobetus
1622 953 1808 1018 docet
1853 954 2204 1017 maximam
2250 954 2319 1017 in
2365 957 2618 1037 partem
2665 976 2819 1018 vera

519 1064 675 1126 sunt
730 1063 796 1124 et
852 1083 970 1124 usu
1018 1062 1498 1126 confirmantur.
1587 1060 1735 1145 Ego
1783 1082 1983 1123 unum
2030 1061 2393 1143 exemplum
2442 1082 2477 1134 e
2521 1060 2817 1145 Xenoph.

519 1166 948 1232 Oeconomico
997 1168 1250 1231 addam.
1332 1166 1484 1251 Cap.
1534 1166 1679 1249 XV,
1725 1171 1765 1248 ἓ
1818 1170 1849 1231 1
1900 1168 2206 1251 leguntur
2249 1168 2439 1232 haec:
2486 1162 2655 1232 ἀλλὰ
2693 1168 2818 1251 μέν

518 1297 623 1339 τοι
680 1270 954 1339 ἐπειδάν
1017 1297 1092 1356 γε
1162 1270 1599 1359 ἐμποιήσῃς
1660 1272 1794 1338 τινὶ
1859 1269 1934 1338 τὸ
1999 1269 2386 1356 βούλεσθαί
2456 1292 2565 1339 σοι
2642 1270 2819 1339 εἶναι

517 1375 784 1465 τάγαθά
826 1418 902 1427 -
949 1416 1059 1463 -,
1107 1383 1202 1445 ἔτι
1249 1378 1324 1445 δὲ
1369 1376 1534 1466 πρὸς
1583 1376 1848 1458 τούτοις
1885 1376 2256 1464 ἐπιστήμην
2298 1382 2573 1446 ΚΤΗΕΗΙ
2616 1376 2817 1470 αὐτῷ,

523 1484 616 1565 ὥς
668 1480 756 1552 ἄν
801 1487 1042 1553 ἕκαστα
1087 1522 1174 1534 -
1219 1489 1355 1553 τῶν
1403 1491 1621 1572 ἔργων
1665 1482 2134 1571 ὠφελιμώτερα
2181 1490 2481 1570 γίγνοιτο
2526 1486 2649 1571 κὲ.,
2707 1489 2819 1552 ubi

523 1593 808 1659 Cobetus
854 1599 1025 1660 recte
1073 1594 1528 1659 animadvertit
1572 1595 1960 1659 sententiam
2008 1595 2415 1675 impertivms
2450 1599 2565 1659 aut
2600 1594 2821 1659 huius·

524 1703 698 1767 modi
747 1703 898 1787 quid
952 1698 1313 1785 postulare,
1377 1700 1513 1765 ‘sed
1574 1701 1743 1788 quid¹
1782 1700 2076 1783 tandem,
2127 1700 2367 1783 inquit,
2422 1702 2492 1764 in
2540 1702 2817 1769 ΚΤΗΕΗΙ

521 1810 727 1873 lateat
799 1808 1008 1873 adhuc
1081 1808 1324 1871 frustra
1388 1806 1667 1892 quaero?
1778 1806 1958 1872 Nihil
2022 1807 2224 1891 aliud,
2296 1808 2553 1892 opinor,
2627 1832 2821 1893 quam

523 1926 1130 2037 H(a90i)cT!-'1CH!C‚
1183 1950 1372 2034 quod,
1393 1941 1564 2015 'cum
1613 1950 2115 2034 praepositionis
2164 1945 2345 2034 παρά
2393 1951 2560 2035 sigla
2598 1952 2823 2015 obscu-

528 2062 672 2121 rata
717 2058 964 2135 fuisset,
1013 2057 1081 2120 in
1127 2055 1373 2141 κτήσῃ
1420 2058 1842 2140 depravatum
1881 2060 1998 2130 est,
2080 2056 2270 2121 Nunc
2308 2078 2623 2142 compone
2660 2058 2824 2122 mihi

535 2162 704 2247 XIII,
751 2166 792 2244 ξ
841 2164 875 2227 1
927 2164 993 2227 et
1037 2162 1220 2247 Reip.
1268 2162 1496 2226 Laced.
1542 2161 1687 2245 XV,
1734 2165 1775 2243 ἓ
1813 2164 1880 2227 8:
1939 2156 2092 2227 οὔτε
2136 2173 2277 2237 τοῖς
2318 2164 2664 2244 βασιλεῦσι
2710 2189 2824 2229 τυ-

528 2264 852 2355 ραννικὸν
897 2266 1216 2355 φρόνημα
1260 2270 1753 2354 παραστῆσαι
1802 2264 1955 2333 οὔτε
1994 2252 2139 2345 ’τοῖς
2175 2273 2474 2347 πολίταις
2510 2266 2824 2355 φρόνημα

529 2376 983 2462 ἐμποιῆσαι,
1048 2377 1159 2442 ubi
1221 2376 1638 2461 παραστῆσαι
1695 2380 1761 2440 et
1814 2375 2172 2460 ἐμποιῆσαι
2230 2398 2599 2461 synonyma
2656 2380 2826 2463 sunt,

530 2487 694 2549 sicut
738 2486 881 2548 loco
929 2488 1175 2548 nostr0.

715 2607 786 2638 —'
843 2593 952 2656 13:
1023 2582 1064 2654 ἃ
1127 2584 1256 2675 γὰρ
1324 2582 1447 2654 οὐκ
1509 2582 1827 2676 ᾐσθόμην
1890 2587 2140 2675 χρόνον
2198 2590 2525 2656 τοσοῦτον
2581 2585 2828 2675 ἡμέρας

415 2705 426 2710 “
527 2697 711 2785 μέρει
757 2697 968 2786 μικρῷ
1022 2697 1493 2780 πεπαίδευμαι,
1540 2690 1747 2780 γνοὺς
1800 2693 2091 2781 ἐμαυτὸν
2138 2691 2260 2761 οὐκ
2306 2691 2536 2781 ἄρχειν
2585 2697 2827 2783 ἑτέρων

532 2804 946 2891 δυνάμενον,
1006 2799 1152 2869 ἀλλ’
1214 2799 1537 2887 ἄρχοντος
1593 2800 1824 2890 ἑτέρου
1882 2800 2235 2890 δεόμενον,
2291 2803 2402 2869 καὶ
2458 2801 2555 2889 μὴ
2604 2810 2825 2889 φιλο-

528 2910 1017 2998 τιμούμενον
1069 2912 1304 2976 νικᾶν
1370 2906 1490 2995 ὑφ’
1542 2897 1641 2976 ὧν
1686 2909 2013 2996 ἡττᾶσθαι
2059 2908 2353 2977 κάλλιον.
2438 2910 2676 2977 Goraes
2724 2935 2826 2976 ex-

531 3021 825 3106 plicavit:
879 3017 988 3084 καὶ
1034 3014 1124 3102 μὴ
1173 3014 1497 3103 δεόμενον
1541 3019 1665 3084 τοῦ
1722 3024 2221 3103 φιλοτιμεῖσθαι
2268 3020 2467 3085 νικᾶν
2514 3018 2830 3103 ἐκείνους,

532 3121 650 3211 ὑφ’
696 3115 795 3192 ὧν
829 3121 1108 3191 κάλλιόν
1145 3123 1325 3190 ἐστιν
1362 3121 1709 3210 ἡττᾶσθαι.
1774 3126 1905 3190 Alii
1943 3122 2034 3210 μή
2074 3126 2583 3192 eliminaverunt.
2650 3125 2827 3190 Mad-

534 3234 744 3320 vigius
810 3232 1086 3297 correxit
1148 3230 1277 3297 καὶ
1343 3229 1442 3318 μῆ
1505 3230 2111 3318 φιλοτιμητέον,
2176 3233 2289 3297 ubi
2353 3237 2419 3298 et
2476 3233 2829 3317 particulae

532 3343 700 3407 ratio
766 3343 833 3406 et
899 3339 1216 3405 orationis
1283 3363 1480 3405 nexus
1545 3340 1824 3405 maxime
1891 3339 2243 3403 offendunt.
2355 3339 2646 3406 Conicio:
2718 3338 2831 3405 καὶ

537 3458 818 3550 ΜᾹΤΗΝ
886 3478 1484 3568 φιλοτιμούμενον,
1557 3487 1632 3548 ut
1711 3481 2033 3566 particula
2096 3476 2312 3566 μάτην
2379 3484 2831 3567 compendiose

537 3607 778 3690 scripta
827 3609 1004 3672 ΜΗΝ
1054 3607 1122 3670 in
1169 3603 1260 3692 μή
1309 3608 1658 3692 depravata
1702 3607 1911 3712 fuerit.

719 3767 793 3778 -
850 3731 957 3796 19:
1013 3726 1120 3796 διὸ
1167 3733 1412 3798 τοῦτον
1458 3728 1582 3815 μὲν
1626 3726 1780 3818 (τὸν
1823 3728 2112 3816 Φάβιον)
2159 3728 2621 3809 Ποσειδώνιός
2664 3749 2831 3818 φησι

535 3833 822 3923 θυρεόν,
878 3833 1001 3902 τὸν
1059 3835 1133 3903 δὲ
1178 3835 1582 3924 Μάρκελλον
1632 3839 1822 3920 ξίφος
1875 3833 2005 3902 ὑπὸ
2053 3838 2190 3903 τῶν
2226 3832 2573 3922 Ῥωμαίων
2618 3846 2832 3905 καλεῖ-

539 3951 727 4010 σθαι·
793 3943 1205 4030 κιρναμένην
1255 3942 1328 4010 δὲ
1375 3941 1498 4028 τῆν
1549 3947 1815 4028 Φαβίου
1861 3941 2255 4030 βεβαιότητα
2301 3944 2412 4011 καὶ
2458 3942 2832 4031 ἀσφάλειαν

536 4052 616 4136 τῆ
663 4052 1068 4135 Μαρκέλλου
1115 4054 1508 4137 συνηθείᾳ
1555 4047 1890 4134 σωτήριον
1934 4049 2250 4134 γενέσθαι
2296 4065 2439 4130 τοῖς
2468 4049 2861 4138 Ῥωμαίοις..

543 4156 816 4222 Sensum
877 4159 1138 4222 omnino
1197 4158 1322 4222 loci
1376 4157 1653 4241 reperire
1700 4155 1958 4222 difficile
2005 4181 2138 4223 non
2184 4163 2310 4244 est,
2363 4183 2516 4225 nam
2562 4164 2831 4227 eandem

538 4287 674 4328 rem
746 4265 898 4329 alibi
963 4288 1213 4350 quoque
1273 4264 1498 4329 iisdem
1561 4265 1696 4330 fere
1750 4266 1963 4330 verbis
2010 4267 2335 4350 repetivit3
2390 4268 2567 4333 vocis
2613 4243 2829 4334 tamen

542 4367 872 4455 συνήθεια
921 4373 1285 4435 intellectus
1332 4371 1506 4436 haud
1552 4372 1736 4435 facile
1784 4373 2155 4456 exquiritur.
2246 4374 2487 4440 Coraes
2536 4377 2831 4459 ascripsit
