3200 5175
1324 295 1767 363 ..35ffl

578 474 742 540 Post
780 495 990 557 pauca
1027 473 1120 538 sic
1156 474 1396 559 pergit:
1444 474 1516 539 οἷ
1545 470 1669 559 μὲν
1705 469 1835 561 γὰρ
1872 470 2102 553 παῖδες
2137 473 2335 563 χάριν
2372 473 2695 563 οὐδεμίαν

399 582 700 665 ἔχουσιν,
764 575 925 645 οὐδὲ
987 578 1216 645 ἕνεκα
1277 576 1565 645 τούτου
1628 578 2128 666 θεραπεύουσιν
2184 575 2343 649 οὐδὲ
2396 586 2693 669 τιμῶσιν.

397 686 624 775 Patzig
669 687 907 753 conicit
953 686 1146 753 ἕνεκα
1187 688 1310 754 τοῦ
1355 684 1687 771 πλούτου,
1734 690 1905 775 quod
1954 689 2132 775 ‘quid
2178 690 2266 755 sit
2310 688 2501 756 ἕνεκα
2546 689 2694 759 τού-

394 817 516 859 του
579 815 715 860 non
780 793 1035 880 liquet'.
1133 793 1317 860 Nihil
1360 792 1560 882 [opus3
1627 794 1818 860 ἕνεκα
1871 792 2118 862 τούτου
2173 800 2273 862 est
2326 796 2517 863 ἕνεκα
2571 801 2692 864 τοῦ

395 905 472 966 κλ
498 897 516 922 ’
563 924 665 967 ου.

473 925 705 1073 ηρὸιιὶ)
753 1009 946 1074 finem
993 1007 1277 1073 eiusdem
1326 1030 1463 1093 cap.
1494 1009 1816 1094 *leguntur
1862 1008 2048 1075 haec:
2096 1005 2170 1075 τὸ
2220 1007 2294 1075 δὲ
2338 1010 2461 1076 τοῦ
2488 1005 2688 1095 Εὐρι-

393 1116 597 1180 πίδου
650 1111 1016 1199 λεγόμενον
1076 1152 1151 1161 -
1215 1112 1338 1198 οὐχ
1398 1108 1623 1191 ἁπλῶς
1676 1108 1953 1200 ἀληθές,
2002 1110 2146 1182 ἀλλ’
2210 1115 2314 1182 ἐπὶ
2368 1118 2503 1183 τῶν
2551 1112 2688 1185 ἀτέ-

392 1241 598 1287 κνων·
671 1217 951 1299 τούτους
1003 1222 1075 1287 οἱ
1116 1216 1428 1288 πλούσιοι
1476 1222 1958 1305 δειπνίζουσιν,
2016 1225 2088 1289 οἱ
2126 1219 2449 1311 ἡγεμόνες
2491 1230 2688 1310 θερα-

391 1324 748 1411 πεύουσιν,
807 1329 880 1394 οἰ
939 1324 1213 1414 ῥήτορες
1265 1324 1504 1414 μόνοις
1555 1325 1820 1406 τούτοις
1873 1340 2117 1415 προῖκα
2172 1333 2688 1416 συνηγοροῦσιν.

392 1434 554 1501 Cum
608 1436 806 1504 verba
861 1436 933 1500 οἱ
979 1432 1288 1501 πλούσιοι
1344 1436 1569 1520 inepta
1624 1437 1780 1521 sint,
1844 1436 2229 1503 Doehnerus
2288 1440 2566 1505 correxit
2624 1440 2695 1505 οἱ

387 1545 701 1627 πλησίον,
767 1542 938 1628 quod
991 1541 1286 1629 Patzigio
1350 1542 1555 1608 iudice
1629 1541 1974 1608 admodum
2031 1543 2256 1629 friget3
2332 1545 2472 1629 ipse
2537 1568 2685 1629 pro-

386 1650 608 1735 posuit
663 1650 734 1715 οἰ
783 1654 1144 1733 πολιτικοί,
1201 1649 1371 1740 quod
1427 1672 1560 1716 non
1616 1651 1833 1715 minus
1887 1651 2103 1737 friget.
2155 1688 2230 1699 —-
2281 1650 2363 1717 H.
2419 1652 2474 1747 13
2522 1675 2709 1737 quae.

388 1756 687 1821 dicuntur
746 1778 900 1823 vera
964 1778 1104 1823 esse
1165 1760 1522 1841 nequeunt,
1587 1756 1719 1822 nisi
1784 1758 1854 1823 οἱ
1908 1752 2172 1823 ἄτεκνοι
2228 1757 2459 1823 divites
2516 1762 2685 1825 sunt.

389 1861 810 1928 Scribendum
861 1864 1066 1950 igitur
1110 1866 1177 1927 et
1219 1864 1809 1950 interpungendum
1855 1865 1927 1930 in
1970 1865 2143 1930 hunc
2189 1865 2481 1931 modum:
2532 1862 2685 1931 τού-

385 1992 562 2053 τους,
610 1971 675 2035 εἰ
714 1966 1049 2053 πλούσιοι,
1097 1971 1546 2049 δειπνίζουσιν
1595 1972 1668 2037 οἱ
1698 1965 2037 2057 ἡγεμόνες,
2082 1968 2583 2058 θεραπεύουσιν
2621 1975 2693 2039 οἱ

385 2071 677 2163 ῥήτορες,
725 2073 960 2161 μόνοις
1008 2073 1270 2153 τούτοις
1304 2099 1410 2161 πρ.
1447 2079 1965 2163 συνηγοροῦσιν.
2057 2078 2125 2145 Si
2164 2079 2266 2145 cui
2303 2079 2683 2165 asyndeton,

387 2204 774 2272 quamquam
819 2185 891 2249 in
933 2183 1054 2249 tali
1097 2206 1166 2249 re
1211 2184 1603 2271 legitimum,
1658 2186 1871 2251 minus
1917 2188 2156 2272 placet,
2212 2190 2364 2269 post
2408 2186 2684 2272 ῥήτορες

385 2291 616 2357 addere
659 2293 779 2356 καί
817 2290 986 2356 licet.

559 2396 669 2463 An
693 2396 1060 2465 vitiositas
1085 2396 1173 2463 ad
1197 2397 1709 2466 infelicitatem
1744 2398 2063 2466 sufficiat
2091 2422 2140 2465 c.
2164 2402 2206 2465 2
2243 2400 2458 2465 initio:
2489 2395 2680 2469 ἄλλοι

387 2503 460 2572 δὲ
504 2501 832 2593 τύραννοι
880 2501 1368 2584 σπουδάζοντες
1412 2498 1532 2583 οὓς
1575 2498 1665 2571 ἀν
1707 2502 2074 2585 κολάζωσιν
2122 2501 2406 2584 ἀθλίους
2442 2518 2683 2590 ποιεῖν,

384 2615 667 2698 δημίους
727 2613 1050 2698 τρέφουσι
1109 2612 1220 2679 καὶ
1275 2609 1712 2698 βασανιστάς,
1776 2606 1818 2698 ἢ
1873 2612 2200 2698 καυτήρια
2253 2611 2364 2679 καὶ
2420 2615 2682 2698 σφῆνας

385 2719 949 2805 ἐπιμηχανῶνται,
997 2715 1296 2805 ἀλόγου
1342 2722 1547 2806 ψυχῆ
1562 2745 1611 2798 ς.
1702 2720 1910 2786 Multa
1955 2723 2273 2786 conantur
2318 2721 2441 2785 viri
2488 2721 2680 2805 docti,

385 2831 458 2892 ut
499 2828 699 2892 verba
733 2828 1093 2914 incongrua
1129 2831 1194 2893 et
1228 2851 1494 2913 prorsus
1533 2829 1754 2920 inepta
1790 2821 2044 2911 ἀλόγου
2080 2827 2296 2912 ψυχῆς
2331 2829 2679 2913 corrigant,

382 2933 684 3000 Reiskius
740 2935 958 3000 deesse
1016 2935 1378 3020 suspicatur
1433 2931 1741 3020 φόβητρα
1797 2935 1899 3000 vel
1966 2935 2241 3019 δείματα
2307 2937 2419 3001 aut
2482 2939 2673 3000 κολα-

383 3036 617 3126 στήρια
672 3044 823 3106 ante
879 3035 990 3108 ἀλ.
1045 3053 1111 3120 ψ.
1204 3042 1412 3127 Wytt.
1468 3041 1809 3127 proposuit
1854 3043 1947 3118 εἰς
1992 3036 2195 3126 ἄλγος
2238 3064 2357 3126 pro
2404 3036 2673 3127 ἀλόγου.

381 3147 878 3216 Herwerdenus:
933 3145 1256 3234 ἀλογοῦσι
1312 3150 1545 3234 ψυχῆς.
1639 3149 1695 3214 Ε
1743 3149 1976 3235 quibus
2023 3148 2190 3214 nihil
2238 3171 2463 3214 verum
2509 3150 2679 3214 vide-

381 3257 503 3320 tur.
574 3254 934 3322 Monachus
990 3257 1100 3342 qui
1154 3257 1314 3335 haec
1368 3258 1594 3343 legens
1651 3260 2008 3340 martyrum
2066 3259 2391 3322 tormenta
2437 3257 2677 3321 crucia-

380 3364 612 3447 tusque
673 3363 744 3427 in
799 3363 1178 3428 memoriam
1235 3366 1678 3447 revocaverat,
1738 3365 1811 3427 ut
1867 3365 2007 3426 erat
2060 3383 2281 3426 recens
2326 3345 2426 3427 ira
2471 3370 2535 3426 et
2581 3362 2676 3425 in·

383 3469 788 3556 dignatione,
832 3471 902 3534 in
946 3471 1237 3554 margine
1285 3471 1674 3555 ascripserat
1720 3489 1863 3534 suo:
1926 3461 2009 3554 (03
2054 3466 2199 3553 τῆς)
2256 3461 2509 3552 ἀλόγου
2554 3478 2676 3545 ψυ-

379 3577 521 3662 χῆςέ
595 3551 744 3655 Illic
785 3577 988 3662 igitur
1030 3579 1450 3662 transponere
1500 3577 1817 3660 optimum
1864 3579 1980 3640 est.

555 3681 890 3749 Animine
934 3701 1025 3749 an
1061 3699 1256 3767 corp.
1296 3681 1594 3749 affectus
1635 3681 1787 3749 sint
1822 3681 2101 3766 peiores
2140 3703 2191 3748 c.
2224 3683 2267 3747 4
2303 3677 2393 3768 (p.
2430 3681 2557 3748 401
2583 3679 2675 3769 e):

378 3786 545 3856 ὥστε
597 3789 726 3856 καὶ
782 3787 1100 3868 τούτοις
1148 3796 1374 3876 χεῖρον
1431 3800 1662 3856 νοσεῖν
1707 3800 1853 3867 ταῖς
1897 3799 2141 3874 ψυχαῖς
2184 3781 2227 3874 ἢ
2273 3799 2413 3865 τοῖς
2459 3785 2677 3872 στόμα-

377 3912 504 3986 σιν.
595 3895 700 3962 Ita
761 3898 1023 3982 plurimi
1086 3898 1266 3964 codd.
1325 3898 1462 3964 alii:
1529 3891 1697 3963 ὥστε
1758 3895 1871 3962 καὶ
1933 3893 2215 3973 τούτους
2277 3891 2389 3960 διὰ
2447 3894 2674 3961 ταῦτα.

377 4003 586 4088 Wytt.
641 4004 944 4070 coniecit:
995 4005 1092 4069 ἔτι
1149 4001 1225 4070 δὲ
1277 4003 1388 4070 καὶ
1437 4003 1643 4090 ταύτῃ
1690 4015 1932 4092 χεῖρον.
1987 4037 2061 4050 --
2113 4002 2449 4068 Fortasse:
2505 3995 2675 4068 ὥστε

374 4104 502 4176 κάν
545 4107 826 4188 τούτοις.

553 4215 658 4284 De
705 4215 1140 4297 garrulitate
1186 4239 1237 4283 c.
1285 4219 1325 4283 6
1375 4217 1464 4304 (p.
1509 4218 1642 4284 504
1670 4217 1763 4306 e):
1812 4213 1984 4284 οὕτω
2032 4212 2152 4283 τὸν
2197 4211 2404 4300 λόγον
2458 4252 2561 4298 -,
2609 4217 2680 4281 οἱ

377 4319 708 4409 χρώμενοι
753 4325 970 4401 κακῶς
1012 4361 1086 4372 --
1135 4317 1598 4410 ἀπάνθρωπον
1644 4324 1915 4390 ποιοῦσι
1955 4362 2060 4407 -,
2108 4315 2209 4401 οἷς
2256 4327 2517 4389 οἴονται
2562 4347 2671 4408 χα-

386 4433 683 4515 ρίζεσθαι
732 4430 1118 4513 λυποῦντες,
1165 4427 1276 4495 καὶ
1320 4424 1450 4514 ἀφ’
1492 4418 1600 4495 ὧν
1636 4425 2191 4515 θαυμάζεσθαι
2238 4426 2670 4514 καταγελώ-
