3200 5175
1309 284 1752 364 -7-23—

381 460 730 551 ἀλλήλους.
776 466 897 531 151
922 488 978 530 a.
1014 464 1140 530 196
1161 486 1216 529 a.
1263 460 1678 529 Contrarium
1708 463 2071 546 exemplum
2098 464 2355 547 prostat
2378 484 2443 545 p.
2468 462 2593 529 149
2615 484 2677 529 c:

379 570 837 661 περιβαλὼν
881 566 1435 657 κατησπάσατο
1490 570 1630 655 ubi,
1683 568 1896 635 Anon.
1952 568 2025 634 Τ.
2072 567 2152 634 V.
2195 569 2673 653 praeeuntibus,

382 682 625 767 corrig:
679 675 1076 765 περιβαλών.
1167 681 1362 762 atque
1407 700 1469 761 p.
1514 677 1647 742 496
1676 677 1749 741 b:
1806 671 2170 741 ἀνελέσθαι
2223 674 2335 743 καὶ
2380 670 2674 743 ἀσπάσα-

381 794 550 855 σθαι
609 784 722 852 καὶ
778 788 1274 871 περιλαβεῖν,
1337 784 1452 849 ubi
1508 806 1671 851 corr.
1723 786 2125 869 περιβαλεῖν.
2219 783 2405 860 Quod
2459 787 2673 851 autem

379 918 443 980 p.
494 896 616 959 177
658 916 697 958 a
741 893 1006 978 legitur:
1051 892 1174 957 τοῦ
1217 885 1596 977 Εὐριπίδου
1640 886 1764 957 τὸν
1808 889 2019 957 καλὸν
2057 886 2413 974 Ἀγάθωνα
2456 912 2675 976 περι-

382 997 933 1086 λαμβάνοντος
979 1036 1061 1047 -
1117 998 1230 1065 καὶ
1292 999 1823 1083 καταφιλοῦντος
1886 999 2238 1085 genuinum
2302 1001 2404 1064 est
2465 1020 2675 1083 neque

384 1107 885 1191 sollicitandum,
942 1108 1018 1170 ut
1073 1108 1226 1190 pote
1297 1104 1472 1190 quod
1534 1127 1613 1171 ex
1677 1105 1806 1171 alio
1862 1104 2140 1190 quodam
2215 1104 2528 1190 scriptore
2592 1105 2676 1170 ad

377 1216 644 1281 verbum
715 1213 1108 1297 descriptum
1172 1234 1314 1277 esse
1378 1212 1689 1278 videatur.
1788 1211 1983 1296 Apud
2049 1212 2210 1277 alios
2276 1212 2451 1279 enim
2516 1234 2673 1277 usus

378 1323 549 1387 inter
591 1316 1113 1407 περιλαμβάνειν
1159 1320 1224 1383 et
1266 1315 1692 1404 περιβάλλειν
1730 1319 2019 1384 fluctuat.
2070 1319 2151 1385 cf.
2186 1318 2485 1403 Xenoph.
2523 1317 2671 1403 Gyr.

378 1452 520 1513 exp.
581 1428 710 1495 VII
719 1478 737 1513 ,
802 1429 874 1513 4,
928 1428 990 1493 6.
1075 1423 1343 1494 Conviv.
1395 1425 1518 1509 IX,
1571 1427 1633 1492 4.
1699 1429 1764 1491 et
1818 1424 2155 1511 Wyttenb.
2221 1425 2538 1493 animadv.
2599 1426 2673 1491 in

375 1559 438 1621 p.
490 1535 614 1601 149
645 1557 698 1601 c.

555 1642 640 1707 28
687 1640 828 1705 init.
894 1633 930 1704 ὁ
988 1636 1064 1703 δὲ
1109 1634 1380 1715 Σύλλας
1437 1639 1534 1703 ἔτι
1577 1642 1852 1715 πολλοῖς
1896 1636 2370 1725 στρατοπέδοις
2410 1636 2524 1703 καὶ
2569 1661 2673 1723 με·

376 1744 609 1832 γάλαις
665 1742 992 1830 δυνάμεσι
1045 1743 1602 1832 περικεχυμένους
1657 1738 1836 1834 αὐτῷ
1882 1740 2041 1821 τοὺς
2083 1746 2443 1829 πολεμίους
2488 1740 2673 1829 ὁρῶν

369 1850 891 1939 πανταχόθεν
950 1848 1230 1936 ἥπτετο
1294 1848 1634 1935 δυνάμει
1688 1848 1817 1916 καὶ
1873 1845 1972 1916 δι’
2040 1844 2366 1936 ἀπάτης,
2424 1874 2670 1938 προκα-

369 1957 698 2045 λούμενος
753 1960 850 2035 είς
908 1955 1249 2035 διαλύσεις
1305 1948 1428 2024 τὸν
1487 1956 1718 2044 ἕτερον
1773 1958 1909 2023 τῶν
1965 1952 2241 2023 ὑπάτων
2285 1962 2672 2043 Σκηπίωνα.

372 2067 482 2134 Ita
535 2066 717 2132 codd.
771 2066 900 2131 nisi
971 2065 1145 2151 quod
1198 2064 1289 2151 Sg
1344 2066 1530 2131 dant:
1587 2065 1822 2131 εἵπετο.
1913 2064 2133 2131 Verba
2184 2066 2448 2133 turbata
2494 2067 2671 2133 varie

379 2174 805 2257 corriguntur.
863 2172 1160 2239 Fundum
1189 2172 1566 2257 sententiae,
1593 2174 1697 2238 cui
1724 2173 2153 2239 correctiones
2185 2174 2669 2239 accommodan-

371 2282 514 2363 tur,
559 2279 829 2363 praebet
873 2278 1124 2345 Amioti
1171 2279 1653 2364 interpretatio:
1705 2280 1754 2343 il
1797 2300 2005 2364 pensa
2050 2281 2151 2365 qu'
2198 2281 2246 2345 il
2289 2281 2405 2365 luy
2452 2280 2671 2346 falloit

372 2408 520 2452 user
585 2386 663 2451 de
721 2407 870 2450 ruze
927 2407 1082 2451 avec
1136 2386 1201 2449 la
1253 2386 1445 2451 force.
1535 2384 1842 2451 Reiskius
1899 2387 2179 2452 coniecit
2220 2382 2457 2471 ἥπτετο
2503 2383 2671 2473 πρός

367 2476 450 2581 τῇ
497 2488 782 2577 δυνάμει
827 2490 941 2557 καὶ
986 2488 1073 2577 δὴ
1117 2486 1385 2578 ἀπάτης.
1479 2491 1889 2559 Schaeferus:
1947 2491 2184 2577 ἐνῆπτε
2229 2490 2514 2579 δυνάμει
2557 2493 2670 2560 καὶ

369 2595 455 2686 δὴ
500 2595 781 2685 ἀπάτην.
857 2599 1163 2668 SinteniS.
1211 2601 1464 2686 quaerit
1499 2623 1658 2667 num
1693 2594 1955 2686 ἠπίστει
1998 2602 2079 2688 τῇ
2125 2597 2412 2687 δυνάμει
2458 2601 2668 2670 deleto

370 2704 434 2772 δ’
501 2713 654 2793 post
712 2705 1093 2792 δεξαμένου.
1167 2707 1374 2774 Valde
1432 2729 1659 2774 vereor
1715 2730 1799 2773 ne
1844 2706 2094 2778 Amioti
2147 2709 2668 2794 interpretationi

369 2815 658 2899 proxime
699 2814 1110 2882 scribendum
1148 2815 1260 2880 sit:
1305 2814 1863 2899 περικεχυμένους
1900 2809 2077 2906 αὐτῷ
2115 2812 2275 2892 τοὺς
2308 2819 2669 2900 πολεμίους

369 2916 550 3007 ὁρῶν
598 2915 1012 3008 (ἀ)παντᾶν
1049 2923 1223 2987 δεῖν
1258 2916 1525 3005 ἡγεῖτο
1573 2918 1859 3007 δυνάμει
1894 2920 2026 2987 καὶ
2063 2917 2154 2986 δι’
2198 2918 2497 3007 ἀπάτης
2534 2921 2667 3010 (vel

366 3026 478 3108 καὶ
516 3025 600 3113 δὴ
647 3022 926 3115 ἀπάτῃ),
971 3024 1516 3112 προκαλούμενος
1559 3031 1681 3094 etc.
1726 3029 1985 3095 fortiter
2032 3031 2225 3114 atque
2272 3033 2420 3095 astu
2464 3031 2664 3098 hosti-

367 3137 489 3201 bus
549 3135 808 3201 obviam
857 3136 981 3201 sibi
1028 3136 1308 3204 eundum
1353 3136 1784 3202 existimabat.
1875 3134 2126 3202 Vitium
2172 3158 2251 3202 ex
2294 3137 2417 3203 hac
2461 3139 2664 3206 ferme

368 3243 713 3326 scriptura:
753 3224 1702 3330 (Α)ΠΑΝΤΑᾸνῦειΝΗΠετο
1741 3243 1782 3308 i.
1820 3265 1872 3313 e.
1908 3236 2213 3309 ἀπαντᾶν
2249 3244 2395 3310 δεῖν
2438 3239 2663 3328 imm

371 3355 585 3417 ortum
631 3350 832 3415 fuisse
878 3350 1146 3419 videtur.
1235 3349 1335 3414 De
1381 3343 1739 3416 ἀπαντᾶν
1785 3351 1863 3416 cf.
1915 3352 2025 3416 1οε
2070 3344 2115 3434 ἡ
2161 3346 2339 3435 παρὰ
2385 3352 2508 3416 τοῦ
2554 3349 2665 3436 δή·

366 3482 500 3542 μου
559 3455 920 3540 δυσμένεια
973 3453 1086 3521 καὶ
1132 3453 1396 3541 νέμεσις
1441 3451 1622 3545 αὐτῷ
1671 3452 1933 3540 φανερὰ
1980 3449 2071 3520 δι’
2123 3459 2341 3540 ἔργων
2384 3449 2663 3542 ἀπήντα.

363 3563 548 3628 Dem.
603 3567 670 3628 et
713 3560 846 3628 Cic.
897 3583 1104 3646 comp.
1150 3569 1211 3628 3.
1267 3559 1450 3628 Caes.
1495 3563 1557 3626 4.
1612 3561 1898 3630 Demetr-
1945 3562 2049 3628 53.
2110 3564 2346 3629 Anton.
2397 3565 2495 3630 18.
2543 3563 2662 3632 Ga-

365 3670 520 3736 mill.
566 3669 672 3736 41.

540 3777 654 3844 35:
701 3769 971 3853 Σύλλας
1007 3769 1098 3861 δ’,
1126 3776 1190 3840 εί
1221 3773 1332 3841 καὶ
1368 3772 1449 3844 τὰ
1485 3773 1771 3863 μάλιστα
1808 3773 2132 3865 σώφρονα
2167 3776 2279 3844 καὶ
2316 3782 2659 3865 γενναίαν,

361 3878 497 3950 ἀλλ’
531 3878 656 3951 οὐκ
683 3881 758 3948 ἐκ
785 3881 1137 3970 σώφρονος
1163 3881 1274 3950 καὶ
1300 3884 1506 3971 καλῆς
1532 3887 1777 3971 ἔγημεν
1803 3875 2035 3972 ἀρχῆς,
2063 3881 2212 3965 ὄψει
2239 3884 2351 3951 καὶ
2372 3889 2662 3974 λαμυρίᾳ

363 3992 711 4078 μειρακίου
775 3990 974 4074 δίκην
1032 4013 1240 4078 παρα
1250 3990 1584 4078 βληθεὶς
1636 3990 1726 4058 κε’.
1829 3992 2134 4077 Ineptum
2198 3995 2657 4078 παραβληθείς

364 4098 603 4166 Coraes
651 4096 945 4182 explicat,
988 4093 1396 4185 παραβαλών
1441 4098 1554 4166 καὶ
1599 4099 1801 4185 ῥίψας
1847 4095 2110 4183 ἔαυτόν,
2162 4099 2337 4185 quod
2380 4099 2662 4186 intelligi

359 4206 600 4292 nequit.
691 4203 1084 4290 Madvigius.
1122 4227 1332 4291 neque
1395 4209 1858 4294 περιβληθείς,
1923 4229 2050 4292 quo
2116 4205 2359 4273 Corae·
2412 4205 2660 4274 Amioti

361 4335 584 4379 vocem
642 4309 896 4397 ‘espris'
953 4311 1446 4399 interpretatur,
1504 4335 1715 4398 neque
1760 4310 2322 4400 παραβ(κ)ληθείς
2366 4335 2657 4399 compro-

364 4421 526 4486 bans
573 4419 688 4487 sed
724 4420 946 4506 inepta
981 4441 1124 4490 esse
1159 4422 1419 4524 putans,
1461 4419 1802 4506 proponit:
1848 4422 2281 4498 παλευθείς
2326 4417 2502 4509 (coll.
2540 4423 2658 4489 28:
