3200 5175
1549 310 1989 375 ...33-

623 509 769 553 sens
817 488 926 553 δεῖ
969 510 1234 573 prorsus
1291 488 1581 575 ineptum
1640 490 1827 553 esset.
1909 485 2219 554 Similiter
2276 510 2327 555 c.
2379 489 2459 554 11
2511 490 2977 556 scribendum

619 588 955 678 προσήκει.

800 699 869 767 G.
913 703 996 767 10
1042 700 1132 788 (p.
1184 704 1219 767 7
1253 701 1321 789 d)
1369 701 1778 767 scribendum
1822 704 2013 786 puto:
2060 696 2279 789 ῶσπερ
2326 698 2454 787 γὰρ
2492 708 2981 790 περιπλεῦσαι

620 804 744 893 μὲν
789 804 1038 887 πολλὰς
1091 804 1318 884 πόλεις
1369 804 1613 891 καλόν,
1667 808 2010 892 ἐνοικῆσαι
2059 805 2133 874 δὲ
2186 810 2267 896 τῇ
2324 813 2640 898 κρατίστῃ
2714 810 2977 898 χρήσι-

622 939 754 1001 μον
781 916 817 955 *
846 916 900 981 ²¹⁸.
986 914 1294 982 Stellulas
1333 916 1626 1001 apposui,
1663 916 1971 1001 quoniam
2008 936 2216 1001 neque
2254 916 2775 1001 Wyttenbachii
2823 942 2975 985 cor-

621 1023 822 1088 rectio
870 1022 1302 1106 περιπλεῦσαι
1348 1018 1472 1107 μὲν
1526 1018 1675 1107 γάρ
1742 1023 1901 1087 satis
1948 1022 2133 1107 facit,
2178 1044 2385 1108 neque
2430 1022 2808 1090 Hercheri:
2864 1020 2973 1104 ῶς

620 1124 768 1213 ἄρα
821 1130 1270 1214 περιπλεῦσαι.
1365 1129 1459 1195 Ut
1524 1129 1847 1195 sententia
1914 1129 2314 1215 absolvatur,
2386 1132 2725 1199 nonnulla
2792 1134 2973 1200 desi·
3062 1115 3075 1121 ⁸

625 1236 950 1320 derantur,
973 1258 1138 1321 quae
1157 1236 1436 1301 fortasse
1457 1236 1528 1301 in
1556 1236 1729 1301 hunc
1750 1258 2013 1301 sensum
2034 1241 2221 1302 erant
2248 1241 2586 1322 concepta:
2618 1235 2824 1305 οὕτω
2846 1238 2969 1306 καὶ

624 1343 761 1407 τῶν
807 1337 1033 1407 ἄλλων
1088 1339 1510 1428 μαθημάτων
1563 1338 1873 1421 ἅψασθαι
1930 1340 2053 1429 μὲν
2108 1338 2472 1429 ἀνύσιμον,
2528 1340 2841 1429 ἄριστον
2894 1342 2964 1412 δ’

622 1447 728 1515 ἐπὶ
773 1450 853 1537 τῇ
901 1453 1272 1538 φιλοσοφίᾳ
1317 1460 1564 1534 μεῖναι·
1629 1451 1731 1515 vel
1776 1450 1857 1537 τῇ
1923 1446 1999 1515 δὲ
2063 1453 2435 1539 φιλοσοφίᾳ
2499 1450 2964 1520 παντάπασιν

620 1553 864 1623 ἑαυτὸν
909 1556 1226 1623 ἐκδοῦναι
1272 1582 1312 1642 χ
1322 1580 1361 1642 ρ
1372 1581 1414 1642 η
1429 1574 1471 1622 σ
1481 1582 1504 1621 ι
1516 1553 1746 1642 μῶτατ
1758 1580 1792 1622 ο
1803 1582 1863 1623 ν.

797 1664 868 1730 C.
920 1666 998 1729 11
1051 1664 1140 1750 (p.
1181 1666 1219 1731 8
1251 1662 1348 1750 d):
1395 1660 1627 1748 ἰσχνὸς
1664 1661 1737 1730 δὲ
1785 1660 2191 1749 στρατιώτης
2224 1667 2601 1749 πολεμικῶν
2636 1662 2959 1753 ἀγώνων

624 1766 788 1847 ε’θάς
833 1766 1205 1854 ἀθλητῶν
1251 1768 1382 1835 καὶ
1425 1773 1828 1855 πολεμίων
1866 1766 1993 1857 (ita
2030 1769 2239 1858 codd.)
2275 1766 2623 1857 φάλαγγας
2666 1776 2959 1841 διωθεῖ.

625 1876 1044 1943 Scribendum
1093 1877 1340 1943 conicio
1379 1874 1491 1942 καὶ
1539 1871 1858 1962 ἀθλητῶν
1894 1880 2233 1962 πολεμίων
2278 1875 2371 1960 κὲ,
2410 1880 2453 1943 i.
2490 1901 2545 1945 e.
2579 1882 2685 1946 vel
2728 1882 2956 1947 athle-

621 1988 838 2051 tarum
881 1985 1171 2051 hostium
1229 1985 1590 2070 phalanges
1640 1985 1873 2051 disicit.
1960 1985 2325 2073 Hercherus
2381 1987 2786 2053 festinanter
2852 2010 2953 2052 re-

623 2093 795 2177 cepit
841 2115 1056 2158 suum:
1103 2088 1270 2169 ἐθὰς
1313 2089 1426 2157 καὶ
1473 2085 1772 2176 ἀθλητὴς
1816 2096 2185 2178 πολεμίων,
2242 2115 2406 2179 quae
2452 2097 2518 2158 et
2563 2094 2743 2160 inter
2796 2116 2948 2161 sese

624 2200 841 2284 inepte
881 2200 1358 2285 coniunguntur
1395 2202 1460 2263 et
1497 2200 1964 2265 sententiarum
1998 2200 2396 2286 oppositioni
2434 2204 2627 2285 atque
2666 2203 2945 2269 concin-

620 2306 814 2372 nitati
858 2305 1138 2370 maxime
1184 2309 1572 2391 repugnant.
1629 2304 1961 2399 'Atliletae
2010 2307 2182 2373 enim
2226 2330 2435 2393 neque
2494 2309 2749 2375 bellicis
2804 2332 2940 2375 cer-

624 2414 978 2481 taminibus
1026 2415 1270 2479 assueti
1315 2417 1528 2500 erant,
1580 2436 1791 2499 neque
1848 2416 2135 2502 graciles.
2180 2416 2439 2501 quidam
2495 2416 2739 2482 milites
2754 2468 2775 2503 ‚
2827 2414 2941 2482 sed

622 2522 1002 2607 plerumque
1058 2519 1689 2607 ἐσκιατραφημένοις
1752 2522 1880 2590 huc
1934 2522 2108 2588 enim
2165 2527 2414 2608 spectat
2472 2526 2625 2590 ante
2678 2524 2941 2590 dictum

622 2624 910 2713 πόλεμος
992 2622 1055 2693 δ’
1133 2626 1757 2713 ἐσκιατραφημένην
1830 2626 2159 2715 σωμάτων
2240 2629 2380 2710 ἕξιν
2485 2626 2567 2697 οὐ
2651 2631 2938 2716 δέχεται.

625 2732 928 2800 Ceterum
1009 2739 1237 2801 noster
1322 2734 1493 2800 hanc
1575 2736 1967 2802 sententiam
2049 2738 2206 2804 alibi
2289 2760 2543 2824 quoque
2626 2738 2939 2824 exposuit

622 2841 697 2907 cf.
745 2865 808 2927 p.
855 2843 988 2924 274
1017 2843 1074 2907 d.
1125 2844 1253 2909 743
1279 2843 1324 2908 f.

802 2945 870 3013 C.
921 2948 1000 3013 17
1059 2945 1149 3034 (p.
1201 2949 1283 3014 12
1311 2947 1376 3036 e)
1431 2950 1797 3038 revocantia
1850 2951 2105 3017 videtur
2166 2951 2547 3036 pauciorum
2601 2952 2925 3020 librorum

623 3055 971 3140 scriptura:
1029 3055 1137 3120 δεῖ
1176 3051 1298 3121 τὸν
1342 3058 1499 3139 βίον
1553 3053 1989 3144 ἐλεύθερον
2046 3055 2461 3142 ἐπιτηδεύειν
2516 3058 2629 3125 καὶ
2684 3057 2932 3147 μηδενὶ

623 3162 845 3252 δεσμῷ
894 3157 1303 3245 προσάπτειν
1339 3157 1551 3228 αὐτόν
1585 3185 1745 3247 prae
1780 3162 2110 3230 Duebneri
2148 3159 2249 3230 ὅτι
2288 3165 2397 3230 δεῖ
2434 3161 2557 3231 τὸν
2591 3170 2750 3251 βίον
2794 3158 2927 3252 [εὖ]

623 3267 1038 3352 ἐπιτηδεύειν
1094 3272 1161 3334 et
1212 3268 1523 3336 Hercheri
1577 3265 1681 3336 ὅτι
1737 3272 1844 3336 δεῖ
1900 3267 2022 3338 τὸν
2080 3274 2237 3355 βίον
2302 3271 2599 3340 ἐπιλύειν
2662 3275 2776 3342 καὶ
2838 3271 2926 3362 μὴ

624 3376 844 3467 δεσμῷ
930 3377 1452 3444 correctionibus.
1545 3375 1935 3463 Oppositum
2019 3377 2259 3464 μηδενὶ
2343 3381 2565 3472 δεσμῷ
2654 3383 2927 3469 requirit

623 3480 1006 3569 ἐλεύθερον.

800 3591 1002 3656 Paulo
1036 3594 1188 3676 post
1222 3592 1523 3676 leguntur
1549 3591 1735 3658 haec:
1772 3590 2137 3679 κυαμευταὶ
2171 3590 2301 3680 γὰρ
2334 3583 2508 3680 ἦσαν
2536 3598 2919 3683 ἔμπροσθεν

625 3699 702 3764 αἱ
775 3699 1236 3782 ψηφοφορίαι,
1314 3697 1402 3762 δι’
1491 3687 1590 3765 ῶν
1670 3699 1875 3785 πέρας
1964 3699 2360 3768 ἐπετίθεσαν
2438 3713 2583 3781 ταῖς
2673 3698 2922 3791 ἀρχαῖς.

625 3803 964 3889 Wyttenb.
1012 3803 1384 3870 dubitanter
1429 3807 1773 3890 proposuit
1816 3806 2029 3892 γέρας,
2080 3808 2223 3875 ‘nec
2267 3812 2493 3876 tamen
2549 3833 2777 3878 sensus
2816 3834 2917 3876 ex-

625 3910 897 3997 pletur’‚
946 3910 1119 3996 quod
1165 3910 1545 3978 Duebnerus
1592 3914 1765 3980 iusto
1814 3915 2080 3981 celerius
2122 3918 2383 4001 recepit.
2447 3917 2542 3984 Ut
2581 3920 2752 3985 enim
2790 3919 2919 3986 alia

625 4019 943 4104 omittam,
987 4016 1374 4084 Plutarchus
1419 4041 1741 4104 nusquam
1786 4021 1987 4106 γέρας
2038 4022 2411 4090 ἐπιτιθέναι
2457 4024 2646 4110 dixit,
2690 4032 2917 4096 contra

622 4126 828 4210 πέρας
883 4123 1255 4191 ἐπιτιθέναι
1312 4127 1691 4210 saepissime
1747 4128 1827 4194 cf.
1872 4127 2063 4196 Num.
2117 4131 2199 4196 14
2244 4134 2413 4197 extr:
2465 4129 2671 4218 πέρας
2725 4133 2913 4200 ἐπιτι-

623 4231 887 4318 θέντας,
923 4255 986 4316 p.
1027 4233 1199 4298 1012
1227 4255 1291 4299 e:
1335 4233 1416 4320 τῇ
1464 4227 1729 4318 ἀπειρία
1764 4233 1968 4322 πέρας
2013 4235 2509 4322 ἐντιθέντος,
2555 4241 2669 4306 ubi
2704 4243 2913 4328 legen-

626 4340 806 4405 dum:
846 4336 1302 4418 ἐπιτιθέντος.
1337 4362 1400 4424 Ρ.
1434 4340 1604 4408 1056
1636 4359 1685 4407 c,
1729 4344 1898 4411 1088
1928 4367 1980 4412 c.
2026 4344 2282 4432 Fragm.
2318 4345 2461 4432 XV,
2489 4348 2532 4412 2
2562 4351 2628 4414 et
2658 4350 2912 4434 passim.

625 4446 994 4514 Hercherus
1033 4450 1249 4513 autem
1288 4441 1377 4513 δι’
1424 4436 1532 4514 ῶν
1575 4471 1716 4537 περ
1756 4449 2149 4519 ἐπετίθεσαν
2184 4448 2301 4531 τὰς
2335 4448 2542 4540 ἀρχάς
2578 4456 2909 4523 scribendo
