3200 5175
1553 271 1988 335 *16*

621 450 737 533 τῆς
796 451 984 532 δίκης
1045 443 1274 525 αὐτοῖς
1331 442 1991 534 ἀπολογουμένης
2034 449 2113 535 τῇ
2169 448 2609 533 Τιμολέοντος
2663 444 2958 537 εὐτυχίᾳ

624 554 1110 640 ἐπιτιθεμένης,
1152 550 1333 633 ὅπως
1377 556 1666 641 μηδεμία
1703 568 1843 633 τοῖς
1878 550 2166 638 ἀγαθοῖς
2204 550 2332 621 άπὸ
2371 557 2487 639 τῆς
2522 558 2668 623 τῶν
2710 558 2955 623 κακῶν

617 661 950 739 κολάσεως
986 658 1200 745 βλάβη
1230 660 1519 746 γένηται.
1595 662 1985 727 Sintenisius
2024 663 2389 727 annotavit:
2440 663 2559 729 ‘De
2596 664 2779 729 vitio
2820 666 2955 731 loci

619 772 896 835 editores
935 770 1352 835 consentiunt
1387 773 1645 853 praeter
1672 769 1973 833 Heldium
2014 771 2125 854 qui
2150 771 2365 835 locum
2394 771 2717 854 explicari
2748 794 2957 855 posse

618 878 972 961 arbitratus
1013 879 1137 959 est3
1185 874 1422 941 Goraes
1462 875 1967 959 Schaeferusque
2017 870 2573 961 ὁμολογουμένως
2612 880 2956 963 anonymi

619 984 1083 1049 correctionem
1150 1004 1418 1049 assensu
1485 1005 1602 1047 suo
1668 983 2205 1065 comprobarunt,
2270 983 2382 1047 alii
2448 984 2740 1068 denique
2815 986 2951 1049 alia

619 1090 970 1155 commenti
1027 1093 1180 1153 sunt
1229 1126 1328 1154 —-.
1419 1089 1565 1173 Ego
1622 1089 1781 1153 mihi
1838 1089 1929 1153 sic
1986 1090 2206 1155 videor
2260 1112 2477 1176 veram
2526 1091 2947 1173 scripturam

617 1196 956 1260 restituere
993 1217 1208 1280 posse:
1253 1196 1370 1278 τῆς
1410 1198 1621 1279 Δίκης
1658 1189 1886 1271 αὐτοῖς
1920 1189 2518 1280 ἆφοσιουμένης
2552 1192 2687 1280 τὴν
2739 1200 2947 1281 Τιμο-

617 1301 889 1378 λέοντος
925 1296 1236 1386 εὐτυχίαν
1275 1299 1755 1386 ἐπιτιθεμένης,
1792 1302 1856 1367 h.
1894 1324 1945 1367 e.
1982 1303 2235 1369 iustitia
2273 1303 2489 1367 divina
2526 1305 2621 1369 sic
2660 1306 2947 1389 punivit

621 1409 970 1493 sacrilegos
1027 1413 1100 1473 ut
1151 1413 1548 1473 revereretur
1604 1408 2027 1475 Timoleontis
2082 1408 2491 1493 felicitatem,
2554 1432 2729 1494 quae
2795 1434 2946 1475 sen-

617 1516 826 1579 tentia
873 1521 938 1579 et
981 1537 1195 1579 rerum
1241 1516 1436 1579 nexui
1483 1515 2149 1581 accommodatissima
2186 1517 2287 1579 est
2322 1520 2405 1598 et,
2455 1516 2511 1581 si
2548 1520 2733 1581 recte
2772 1518 2938 1583 novi

623 1622 1030 1706 scriptorem,
1087 1623 1299 1706 qualis
1358 1623 1636 1687 maxime
1696 1622 1921 1686 deceat
1963 1622 2407 1687 Plutarchum'
2458 1622 2555 1709 (in
2604 1625 2806 1709 epist.
2858 1626 2943 1689 ad

624 1728 708 1792 H.
755 1727 1110 1812 Sauppium
1167 1752 1227 1811 p.
1275 1728 1410 1814 24).
1501 1729 1709 1794 Huius
1766 1734 1988 1795 tamen
2036 1731 2455 1795 correctionis
2500 1735 2737 1815 postea
2789 1730 2940 1796 Sin-

616 1836 921 1900 tenisium
966 1837 1394 1920 poenituisse,
1440 1858 1516 1899 ex
1563 1857 1641 1900 eo
1688 1836 1979 1920 intellegi
2028 1840 2261 1921 potest,
2308 1838 2480 1921 quod
2525 1838 2595 1902 in
2645 1844 2935 1904 annota-

616 1943 791 2005 tione
852 1942 1074 2007 critica
1135 1942 1434 2007 editionis
1492 1964 1645 2007 suae
1703 1942 1901 2027 (apud
1950 1943 2193 2008 Teubn.
2248 1942 2445 2029 1874)
2502 1967 2585 2009 ne
2642 1968 2937 2011 comme-

618 2053 910 2115 moratur
964 2051 1242 2133 quidem.
1336 2047 1677 2115 Sententia
1731 2050 1893 2115 nihil
1952 2051 2125 2115 aliud
2181 2051 2455 2135 requirit
2512 2073 2713 2134 quam
2774 2054 2937 2118 hoc:

617 2156 872 2219 iustitia
917 2156 1136 2221 divina
1183 2158 1548 2241 sacrilegOS,
1595 2178 1740 2221 cum
1788 2179 1828 2221 a
1864 2156 2289 2223 Timoleontis
2337 2158 2649 2223 felicitate
2696 2161 2934 2243 procul

617 2262 924 2328 disiuncti
985 2268 1228 2348 essent,
1292 2265 1630 2348 puniebat,
1684 2286 1767 2327 ne
1816 2265 1985 2348 quod
2031 2264 2177 2328 inde
2224 2264 2305 2328 ad
2353 2265 2559 2329 bonos
2606 2265 2931 2329 damnum

620 2371 872 2435 rediret.
949 2370 1368 2437 Scribendum
1417 2372 1645 2455 igitur:
1700 2372 1821 2453 τῆς
1867 2372 2057 2453 δίκης
2102 2363 2363 2451 αὐτοῖς,
2412 2373 2927 2437 ΑΠΟΜΟΝΟΥ·

617 2489 911 2579 ΜέΝΟΙΕ
966 2514 1082 2597 τῆς
1138 2517 1280 2598 Τιμ.
1327 2506 1663 2614 εὐτυχίας,
1726 2510 2189 2596 ἐπιτιθεμένης
2233 2509 2321 2575 κὲ.
2371 2513 2411 2576 i.
2459 2534 2509 2575 e.
2562 2514 2927 2579 ΑΠΟ.ΛΟ·

620 2631 1124 2730 ΗΟΥΜέΝΟΙΕ.
1173 2658 1212 2720 Γ
1253 2686 1334 2707 =
1378 2657 1448 2720 Ν.
1521 2653 1813 2718 Verbum
1861 2650 2380 2739 άπομονοῦσθαι
2428 2655 2707 2719 occurrit
2748 2653 2928 2739 apud

571 2809 585 2818 -
616 2759 1059 2847 Plutarchum,
1126 2761 1595 2846 Thucydidem,
1664 2761 2019 2827 Platonem.
2111 2761 2208 2825 De
2265 2758 2600 2825 literarum
2651 2764 2690 2826 Γ
2752 2765 2823 2826 et
2872 2761 2921 2824 Ν

617 2867 994 2932 confusione
1032 2870 1110 2934 cf.
1146 2869 1246 2953 19,
1282 2870 1395 2934 ubi
1434 2869 1542 2932 alii
1573 2869 1781 2932 codd.:
1821 2865 2109 2951 ἄνωνος,
2148 2869 2260 2932 ah'i
2290 2864 2553 2950 ἅγωνος
2586 2871 2924 2954 praebent.

791 2989 1090 3057 Aemilii
1137 2992 1352 3057 Pauli
1389 2994 1500 3058 33:
1549 2981 1637 3076 ἦν
1686 2988 1751 3056 δ’
1803 2987 2054 3078 ἄρρενα
2102 2989 2225 3076 μὲν
2273 2987 2422 3074 δύο,
2466 2994 2650 3076 θῆλυ
2698 2989 2768 3056 δ’
2824 2992 2923 3070 ἓν,

617 3093 695 3164 oi
743 3097 925 3165 πάνυ
970 3101 1493 3184 συμφρονοῦντα
1520 3092 1675 3164 ’τῶν
1722 3101 1945 3164 κακῶν
1990 3095 2065 3164 τὸ
2112 3098 2397 3184 μέγεθος
2443 3093 2555 3164 διὰ
2600 3097 2725 3184 τὴν
2775 3093 2921 3184 ἡλι»

616 3208 795 3270 κίαν·
869 3195 912 3291 ῇ
985 3204 1096 3270 καὶ
1169 3211 1424 3290 μᾶλλον
1499 3202 1753 3271 ἐλεεινὰ
1823 3203 1993 3292 πρὸς
2054 3203 2197 3290 τὴν
2260 3201 2707 3290 μεταβολὴν
2784 3205 2924 3288 τῆς

615 3306 1151 3396 ἀναισθησίας
1205 3302 1309 3397 ἦν.
1392 3313 1496 3378 Ita
1541 3313 1722 3377 codd.
1768 3317 2024 3396 praeter
2067 3313 2201 3378 Pal.
2250 3313 2359 3398 qui
2406 3312 2543 3376 dat:
2600 3312 2678 3397 τῇ
2726 3335 2921 3396 μετα-

614 3420 801 3503 βολῇ.
894 3417 1311 3484 Scribendum
1367 3423 1550 3504 puto:
1607 3415 1773 3504 πρὸς
1826 3421 1944 3503 τῆς
1998 3420 2365 3503 μεταβολῆς
2416 3415 2541 3502 τὴν
2588 3413 2920 3499 ἀναισθη-

617 3527 772 3589 σίαν
804 3575 810 3583 .
847 3525 908 3588 h.
983 3549 1034 3590 e.
1110 3521 1222 3591 διὰ
1293 3522 1369 3591 τὸ
1439 3522 1528 3610 μὴ
1595 3522 2047 3592 αἰσθάνεσθαι
2108 3520 2234 3610 τὴν
2299 3527 2523 3609 μεταβ.
2611 3524 2917 3588 Reiskius

617 3637 1004 3696 correxerat:
1052 3629 1219 3717 πρὸς
1262 3633 1342 3718 τῇ
1379 3634 1707 3718 μεταβολῇ
1746 3633 1862 3716 τῆς
1899 3627 2169 3698 άναισθ.
2219 3636 2355 3697 aut:
2401 3627 2580 3716 παρὰ
2627 3627 2751 3716 τὴν
2799 3630 2917 3712 τῆς

616 3740 981 3822 μεταβολῆς
1035 3733 1493 3822 ἀναισθησίαν
1553 3744 1693 3803 aut:
1750 3736 1917 3824 πρὸς
1972 3738 2052 3823 τῇ
2107 3737 2438 3822 μεταβολῇ
2483 3737 2600 3822 τῆς
2645 3729 2916 3802 ἆναισῗθ.

546 3854 559 3865 ‘
617 3843 888 3910 Coraes:
935 3847 1052 3928 τῆς
1095 3840 1261 3930 πρὸς
1305 3842 1430 3929 τὴν
1475 3840 1852 3929 μεταβολὴν
1898 3838 2361 3926 ἀναισθησίας.

792 3968 1176 4051 Pelopidae
1211 3971 1317 4034 10:
1363 3963 1519 4054 παρ’
1558 3964 1823 4054 Ἀρχίου
1859 3969 1980 4034 τοῦ
2020 3967 2423 4052 ἱεροφάντου
2458 3965 2626 4053 πρὸς
2648 3965 2913 4053 Ἀρχίαν

614 4073 736 4142 τὸν
799 4074 1195 4162 ὁμώνυμον,
1259 4075 1454 4154 ξένον
1522 4072 1683 4141 ὄντα
1738 4074 1849 4140 καὶ
1904 4079 2136 4159 φίλον,
2198 4073 2552 4159 ἐπιστολὴν
2606 4079 2910 4159 κομίζων.

616 4184 981 4268 Madvigius
1047 4184 1219 4248 tollit
1267 4179 1552 4268 Ἀρχίαν.
1647 4181 2003 4264 ‘Archiam,
2068 4183 2305 4267 inquit,
2369 4181 2645 4246 Archiae
2708 4181 2910 4246 fuisse

618 4291 1069 4374 cognominem
1115 4290 1380 4354 ridicule
1429 4289 1825 4354 annotatur?
1909 4290 2268 4355 Annotatio
2316 4289 2478 4353 mihi
2526 4289 2781 4372 quidem
2830 4283 2910 4347 ri-

617 4398 832 4462 dicula
878 4420 1011 4462 non
1056 4397 1335 4480 videtur,
1395 4397 1546 4481 quia
1591 4397 1669 4462 de
1716 4397 2009 4480 personis
2055 4417 2319 4480 prorsus
2368 4394 2633 4460 diversis
2680 4394 2913 4479 agitur,
