3200 5175
1616 317 2093 384 ...100ss

703 491 1206 584 ἀφαιροῦντα
1261 492 1346 562 τὸ
1413 492 1617 582 ἄγαν
1676 495 1789 562 καὶ
1852 491 1930 563 τὸ
1990 491 2281 580 ἄκρατον
2334 489 2557 581 αὐτῆς.
2638 497 2769 562 431
2800 519 2873 562 a:
2936 489 3027 562 τὸ

703 600 879 688 ἄγαν
939 605 1057 688 τῆς
1117 608 1398 681 πίστεως
1454 599 1866 690 ἀφαιρῶμεν.
1957 605 2085 670 437
2118 627 2187 670 a:
2252 600 2329 670 τὸ
2380 599 2557 688 ἄγαν
2616 600 3031 670 ἐκστατικὸν

703 706 910 796 αὐτῆς
957 747 1032 760 -
1085 705 1560 798 ἀφαιροῦντας.
1632 711 1765 778 452
1796 734 1861 778 a:
1918 706 2043 795 τὴν
2086 706 2262 794 ἄγαν
2314 706 2715 796 ἀφαιρετέον
2772 709 3029 775 ἐπιθυ-

703 823 880 905 μίαν.
971 819 1103 886 463
1131 819 1202 884 b:
1255 815 1332 885 τὸ
1401 813 1576 902 ἄγαν
1644 812 2044 903 ἀφαιρετέον
2108 812 2316 901 αὐτῆς
2377 816 2489 882 καὶ
2550 814 2628 884 τὸ
2692 813 3027 902 ἄκρατον.

701 927 836 992 474
865 948 927 992 c:
974 926 1207 1010 χρῆται
1254 922 1330 990 δὲ
1376 920 1781 1010 ἀμφοτέροις
1830 921 1906 991 τὸ
1966 920 2143 1009 ἄγαν
2198 919 2527 1009 ἀφαιρῶν.
2610 924 2741 990 529
2772 946 2839 989 a:
2888 925 3027 990 τοῦ

700 1029 868 1118 πρὸς
900 1030 1022 1100 τὸν
1059 1029 1278 1117 ψόγον
1311 1028 1621 1100 ὑπόπτου
1652 1069 1729 1080 -
1760 1027 1837 1098 τὸ
1876 1028 2051 1116 ἄγαν
2087 1026 2509 1125 ἀφαιρετέον.
2555 1031 2685 1096 939
2704 1031 2767 1095 b.
2806 1031 2951 1096 946
2970 1031 3024 1098 f.

883 1175 966 1186 --
1015 1139 1130 1225 VI,
1181 1142 1216 1206 1
1264 1136 1352 1226 (p.
1399 1140 1529 1206 622
1561 1138 1651 1223 o):
1692 1138 1937 1224 ἐλέχθη
1984 1136 2109 1224 μὲν
2158 1129 2287 1205 οὖν
2340 1134 2445 1206 ὅτι
2498 1133 2693 1223 πρὸς
2750 1134 3021 1204 πάντα

702 1243 1000 1332 τόλμαν
1055 1240 1092 1310 ὁ
1151 1249 1318 1331 ἔρως
1369 1243 1482 1311 καὶ
1535 1249 1975 1330 καινοτομίαν
2039 1247 2467 1331 συγχωρῆσαι
2524 1241 2750 1321 δεινός
2804 1243 3018 1311 ἐστιν.

702 1351 1005 1418 Reiskius
1052 1354 1354 1420 coniecit:
1407 1349 1576 1440 πρὸς
1632 1353 1855 1419 πᾶσαν
1910 1351 2164 1439 τόλμαν
2218 1353 2322 1418 vel
2367 1348 2535 1437 πρὸς
2586 1347 2810 1416 πάντα
2870 1357 3013 1416 τολ-

701 1455 914 1545 μηρὸς
957 1454 994 1526 ὁ
1036 1461 1202 1544 ἔρως
1247 1457 1358 1525 καὶ
1405 1462 1801 1547 καινοτομίᾳ
1844 1456 1933 1525 κὲ.
2006 1457 2244 1524 Lenius
2287 1460 2527 1544 possis:
2570 1453 2741 1544 πρὸς
2785 1454 3001 1522 πάντα

699 1568 964 1652 τολμῶν
1025 1562 1061 1632 ὁ
1120 1568 1286 1651 ἔρως
1342 1568 1446 1633 vel
1501 1568 1719 1652 potius
1778 1562 1996 1632 πάντα
2060 1565 2328 1650 τολμῶν
2393 1566 2605 1632 deleta
2662 1561 2857 1650 πρός.
2936 1565 3007 1628 cf.

700 1675 896 1759 paulo
944 1677 1118 1759 post:
1165 1671 1276 1738 καὶ
1321 1669 1489 1759 πρὸς
1533 1671 1752 1739 πάντα
1796 1668 1997 1750 λάλος
2040 1665 2139 1739 ῶν
2186 1675 2370 1757 ἔρως.

885 1817 961 1826 -
1009 1779 1092 1865 V,
1136 1783 1178 1846 2
1239 1777 1330 1868 (p.
1377 1781 1507 1846 623
1538 1781 1634 1866 a):
1699 1775 1788 1856 ῶς
1844 1777 2125 1846 ἑκάστου
2177 1777 2439 1847 τούτων
2486 1777 2806 1866 ’παρατρέ
2828 1780 2871 1819 *
2942 1777 3013 1843 ἐκ

703 1887 826 1953 τοῦ
873 1883 1220 1972 συνήθους
1246 1887 1282 1927 *
1329 1885 1757 1971 ἐγκλίναντος
1798 1882 1925 1972 τὴν
1970 1883 2231 1972 φωνήν.
2304 1887 2455 1972 Xyl.
2494 1886 2845 1972 suppleviiz:
2888 1907 3015 1950 πα-

701 1991 1147 2081 ρατρέποντος
1210 1993 1282 2059 ἐκ
1344 1995 1468 2060 τοῦ
1533 1991 1882 2079 συνήθους
1942 1993 2054 2060 καὶ
2126 1993 2568 2079 ἐγκλίνοντος.
2622 2032 2707 2041 -
2765 1991 3011 2058 Melius

702 2100 1141 2185 componitur:
1199 2098 1310 2165 καὶ
1356 2104 1931 2186 παρεγκλίνοντος.
2024 2099 2119 2167 Of.
2165 2101 2489 2185 proxima:
2548 2098 2837 2184 ἐξίστησι
2898 2097 3012 2164 καὶ

703 2205 1102 2292 παρατρέπει
1146 2203 1223 2272 τό
1268 2229 1338 2272 τε
1385 2207 1574 2292 σῶμα
1618 2204 1730 2271 καὶ
1775 2206 1901 2292 τὴν
1947 2202 2186 2292 φωνὴν
2226 2207 2350 2273 τοῦ
2398 2204 2763 2292 συνήθους.

873 2349 966 2394 5—
1011 2311 1124 2398 VI,
1161 2313 1203 2378 2
1251 2312 1340 2398 (Ρ.
1389 2314 1520 2378 624
1548 2310 1651 2400 b):
1706 2314 1830 2379 τοῦ
1874 2310 1950 2378 δὲ
1997 2309 2297 2398 σώματος
2344 2310 2466 2399 οὐχ
2522 2309 2773 2399 ἥψατο,
2827 2308 3008 2397 πλὴν

700 2415 866 2486 ὅσον
913 2425 1098 2504 ἴχνος
1139 2443 1204 2486 τι
1249 2419 1372 2486 τοῦ
1427 2415 1638 2506 πυρὸς
1694 2418 1767 2484 ἐν
1820 2421 1912 2509 τῷ
1969 2417 2245 2510 μετώπῳ
2300 2419 2813 2508 κρατουμένῳ
2868 2415 3003 2485 ὑπὸ

701 2527 819 2612 τῆς
877 2523 1088 2612 κόμης
1147 2524 1394 2612 μένειν.
1489 2525 1658 2604 Quid
1724 2527 1851 2593 sibi
1913 2527 2071 2594 velit
2126 2527 2557 2616 κρατουμένῳ
2623 2525 2815 2593 facile
2870 2548 3003 2592 non

705 2634 1124 2719 intellegitur.
1203 2632 1416 2719 Wytt.
1460 2634 1889 2723 κεκρυμμένῳ
1932 2636 2225 2702 coniecit.
2306 2634 2469 2700 Mihi
2515 2635 2785 2719 propius
2830 2634 2998 2699 vide-

699 2744 834 2809 tur:
870 2738 1429 2829 περατουμένῳ
1466 2738 2143 2827 (ΙΕΡΑΤΟΥΜΕΝωΙ)
2180 2744 2222 2809 i.
2250 2765 2302 2808 e.
2339 2744 2410 2808 in
2440 2746 2731 2807 extrema
2765 2742 2997 2823 fronte,

701 2849 814 2914 ubi
861 2870 1046 2914 coma
1089 2849 1335 2932 incipit.
1408 2848 1486 2914 cf.
1532 2872 1593 2933 p.
1640 2849 1769 2914 389
1800 2849 1843 2914 f.

881 2992 958 3003 --
1021 2954 1144 3040 Ἦ,
1206 2957 1251 3022 4
1314 2952 1406 3040 (Ρ.
1467 2956 1599 3021 624
1630 2954 1720 3042 c):
1786 2956 1921 3020 τῶν
1992 2956 2249 3042 πικρῶν
2312 2951 2736 3041 ἀμυγδάλων.
2833 2954 2993 3019 Puto

700 3056 1135 3146 ἀμυγδαλῶν,
1179 3064 1253 3125 ut
1295 3062 1368 3126 in
1413 3063 1538 3126 fine
1586 3056 1976 3147 ἀμυγδάλας
2017 3060 2272 3147 πικράς.
2341 3061 2543 3129 simil.
2590 3062 2785 3146 paulo
2833 3064 2993 3146 post.

876 3204 966 3215 —--
1008 3166 1121 3250 XI,
1171 3168 1206 3232 1
1265 3166 1354 3253 (p.
1401 3168 1532 3233 626
1560 3166 1651 3254 f):
1706 3167 1818 3233 καὶ
1878 3164 1955 3235 τὸ
2011 3171 2149 3235 τῶν
2214 3168 2417 3254 ἐρίων
2469 3165 2658 3245 τοὺς
2710 3165 2993 3244 πόκους

698 3263 901 3358 ἦττον
934 3267 1304 3339 ὑπακούειν
1330 3284 1471 3350 τοῖς
1502 3276 1621 3361 βίᾳ
1650 3276 1997 3341 διασπῶσι.
2069 3275 2195 3341 Pro
2232 3271 2417 3353 τοὺς
2450 3275 2750 3354 πόκους
2784 3276 2991 3341 Herw.

706 3382 982 3448 coniecit
1023 3376 1184 3457 τοὺς
1217 3376 1528 3463 πλόκους,
1573 3385 1649 3447 ut
1685 3382 1831 3468 ἔρια
1866 3380 2415 3468 συμπεπλεγμένα
2450 3383 2994 3469 intelleget-enimn

705 3486 892 3554 Nihil
940 3487 1448 3573 sollicitandum3
1505 3488 1731 3553 eadem
1776 3488 1951 3554 enim
2008 3490 2333 3555 senfientia
2384 3490 2707 3556 vocabulo
2752 3487 2995 3565 πόκους

699 3594 932 3659 melius
977 3597 1046 3661 οὐ
1104 3594 1359 3678 saepius
1415 3594 1812 3679 exprimitur.
1896 3594 2211 3661 Similiizer
2264 3595 2588 3681 Theophr.
2650 3598 2723 3681 6,
2772 3600 2809 3664 1
2824 3649 2842 3682 ,
2892 3596 2997 3661 13:

699 3695 896 3765 πόκοι
943 3698 1162 3784 ἐρίων.
1236 3701 1315 3766 cf.
1359 3724 1423 3785 Ρ.
1472 3701 1601 3767 785
1630 3722 1683 3767 ο.
1764 3697 2077 3778 Πλόκους
2130 3702 2333 3787 ἐρίων
2386 3707 2607 3769 tamen
2666 3726 2862 3769 nemo
2872 3752 2889 3787 ,
2934 3703 2998 3767 ni

699 3805 910 3891 fallor,
955 3805 1136 3871 dixit.

875 3911 1079 3979 Paulo
1133 3916 1286 3997 post
1333 3919 1400 3979 et
1453 3914 1755 3981 Reiskius
1810 3918 1877 3979 et
1932 3913 2144 4000 wytt.
2199 3936 2318 3999 pro
2375 3910 2773 3999 ἀποσκήνου
2828 3938 3002 3983 com—

699 4019 1166 4085 mendaverunt
1212 4016 1308 4085 ‘ut
1352 4019 1616 4087 rectius’
1664 4014 2071 4106 ἀποσκηνοῦ.
2156 4020 2521 4106 Perperam‚
2566 4023 2785 4089 media
2832 4024 3005 4089 enim

699 4126 912 4191 forma
953 4120 1460 4210 ἀποσκηνοῦμαι
1506 4127 1686 4191 nullo
1735 4127 1863 4192 alio
1908 4128 2053 4193 loco
2099 4130 2367 4212 prostat.
2452 4125 2769 4195 Similiter
2804 4152 3002 4195 κατα-

701 4228 988 4317 σκηνόω,
1034 4226 1454 4316 ὁμοσκηνόω,
1499 4227 1945 4317 παρασκηνόω
1994 4229 2081 4316 (v.
2125 4256 2189 4316 Ρ.
2236 4233 2319 4297 51
2348 4231 2438 4318 f),
2484 4229 2780 4316 σκηνόω.

877 4372 962 4383 --
1009 4338 1050 4401 3
1099 4337 1189 4422 (Ρ.
1245 4338 1372 4403 627
1405 4335 1495 4425 c):
1548 4333 1625 4402 τὸ
1690 4334 1814 4422 μὲν
1869 4326 1994 4403 οὖν
2054 4334 2425 4423 παχυμερὲς
2481 4340 2607 4423 τῆς·
2662 4336 3008 4425 θαλάττης

700 4436 784 4509 οὐ
803 4441 840 4480 ’¹‘
882 4464 1085 4509 πετου
1133 4440 1424 4509 τόποτε*
1467 4438 1635 4529 πρὸς
1678 4438 1804 4527 τὴν
1838 4468 1921 4509 κα
1942 4444 1977 4483 *
2024 4439 2150 4526 τὴν
2198 4440 2585 4529 δριμύτητα.
2668 4446 2777 4513 Ita
2822 4447 3010 4514 codd.
