3200 5175
645 518 1025 605 ἐπεχείρησε
1057 519 1140 605 τῇ
1175 520 1466 605 πατρίδι.
1509 521 1617 585 lta
1652 520 1833 587 codd.
1860 544 1932 585 x:
1974 516 2230 606 πράξει,
2256 520 2431 606 quod
2466 520 2777 587 editores
2808 544 2989 587 reee-

639 631 894 713 perunt.
975 627 1280 693 Amiotus
1333 626 1640 693 reddidit:
1715 626 1985 693 ‘Aratus
2038 628 2144 693 fut
2193 628 2347 693 bien
2404 648 2489 692 en
2540 628 2846 693 volente
2908 629 2987 693 de

643 733 1190 821 l’entreprendre?
1271 731 1663 799 Sintenisius
1710 736 2008 801 coniecit:
2052 735 2133 821 τῇ
2188 731 2501 800 ἐπιθέσει.
2600 732 2991 801 Sententia

639 846 858 910 tamen
919 842 1212 928 requirit:
1273 842 1366 931 τῷ
1425 836 1923 933 Ἀκροκορίνθῳ
1936 892 1958 927 ,
1999 843 2105 907 vel
2148 864 2267 928 pro
2326 864 2403 907 eo
2466 841 2601 907 iam
2672 843 2986 927 repetito

639 949 817 1013 aliud
871 949 1028 1034 quid
1071 972 1522 1034 synonymum.
1602 948 1811 1014 Valde
1864 950 2069 1035 igitur
2111 971 2341 1015 vereor
2392 970 2477 1014 ne
2532 950 2989 1015 scribendum

641 1056 755 1121 sit:
789 1056 873 1143 τῇ
907 1053 1134 1143 πέτρᾳ,
1169 1056 1343 1141 quod
1379 1056 1474 1121 sie
1501 1056 1844 1141 seriptum:
1880 1050 2205 1123 ΠΑΙΤΡΑΙ
2237 1053 2307 1142 (ἱ.
2334 1078 2388 1120 e.
2414 1054 2642 1142 πέτρᾳ,
2672 1058 2761 1121 ΑΙ
2786 1086 2883 1109 =
2900 1054 2983 1141 Ε)

642 1163 947 1228 librarius
993 1162 1242 1227 scilieet
1287 1164 1591 1229 correxit:
1637 1164 1987 1230 ΠΑΤΡΙΔΙ.

821 1265 1088 1335 Galbae
1133 1268 1201 1335 5:
1246 1267 1359 1334 καὶ
1403 1264 1486 1335 τὰ
1531 1266 1657 1353 μὲν
1686 1270 2029 1353 Γαλατῶν,
2067 1265 2233 1335 ὅταν
2275 1264 2649 1354 ὑποχείριοι
2710 1266 2980 1351 γένων-

637 1399 770 1461 ται,
815 1372 1515 1462 λαφυραγωγήσεσθαι
1563 1373 1693 1441 καὶ
1758 1380 1799 1441 λ
1812 1378 1959 1440 ίαν.
2044 1371 2285 1441 Geraes
2341 1375 2617 1441 coniecit
2676 1378 2815 1438 aut
2864 1370 2982 1439 λά-

640 1507 828 1569 φυρα
877 1479 1284 1568 ποιήσεσθαι
1326 1481 1439 1547 καὶ
1483 1485 1707 1568 λείαν,
1762 1486 1879 1547 aut
1937 1478 2671 1567 λαφυραγωγήσεσθαι,
2729 1482 2978 1545 deletis

633 1588 748 1655 καὶ
792 1593 967 1657 λίαν.
1047 1590 1353 1656 Praestat
1397 1590 1658 1675 opinor:
1703 1585 2404 1674 λαφυραγωγήσεσθαι
2446 1585 2643 1654 κάλλ
2656 1613 2687 1669 ι
2700 1613 2829 1654 ον.

821 1698 935 1762 193
981 1691 1073 1773 ὥς
1109 1693 1186 1761 δὲ
1221 1692 1342 1762 τὸν
1379 1692 1823 1781 Ἀλέξανδρον
1848 1691 2140 1780 Ὅμηρος
2176 1732 2261 1742 -
2298 1690 2429 1761 άπὸ
2466 1697 2586 1780 τῆς
2619 1688 2975 1779 γυναικὸς

640 1797 950 1888 ὀνομάζει
995 1799 1338 1886 πολλάκις,
1385 1798 1638 1879 οὕτως
1680 1798 1975 1887 γεγονὼς
2016 1800 2107 1868 κὲ.
2192 1800 2523 1886 Suspicor:
2575 1796 2774 1867 οὕτω
2828 1797 2969 1883 [καὶ

639 1898 880 1991 οὗτο]ς.
927 1910 1006 1975 ef.
1055 1912 1276 1975 annot.
1321 1931 1499 1974 meas
1545 1910 1617 1974 in
1662 1933 1724 1995 p.
1771 1908 1858 1975 53
1886 1910 1945 1975 d.

815 2055 903 2064 —-
941 2017 1028 2083 23
1076 2020 1232 2082 extr.
1277 2021 1574 2083 πλεῖστοι
1621 2014 1697 2081 δὲ
1740 2054 1817 2063 -
1857 2016 2339 2104 ἐφθείροντο
2376 2010 2547 2100 πρὸς
2581 2008 2820 2080 αὐτὸν
2852 2010 2966 2079 καὶ

638 2120 1197 2208 συνηγανάκτουν
1255 2122 1368 2190 καὶ
1432 2120 1851 2210 παρώξυνον.
1938 2123 2445 2190 Rescribendum
2506 2125 2674 2207 puto
2694 2146 2714 2187 3
2786 2120 2968 2206 ἐφέ-

638 2252 895 2315 ροντο.
953 2232 1276 2316 Φθείρειν
1303 2233 1370 2295 et
1391 2228 1628 2318 φέρειν
1666 2232 2042 2316 saepissime
2069 2232 2241 2296 inter
2269 2252 2410 2296 sese
2438 2228 2963 2295 confunduntur.

816 2333 1121 2403 Othonis
1163 2337 1274 2403 15:
1313 2334 1707 2403 πιστεύσατε
1742 2332 2149 2419 πολλάκις,
2186 2331 2291 2403 ὅτι
2328 2332 2623 2421 δύναμαι
2660 2334 2962 2403 κάλλιον

637 2438 1014 2533 ἀποθανεῖν
1057 2437 1100 2528 ἢ
1143 2438 1391 2530 ἄρχειν.
1472 2445 1694 2510 Verba
1736 2440 2129 2509 πιστεύσατε
2164 2439 2484 2520 πολλάκις
2526 2443 2702 2510 nihil
2756 2444 2958 2530 signi-

637 2553 830 2618 ficare
859 2549 1067 2636 'posse
1116 2572 1339 2617 omnes
1387 2552 1826 2636 consentiunt,
1882 2551 1996 2616 sed
2057 2550 2212 2636 quid
2268 2552 2473 2617 lateat
2515 2552 2801 2638 reperiri
2848 2571 2956 2616 ne-

639 2659 798 2743 quit.
851 2695 928 2704 —
978 2658 1359 2743 Transpone
1405 2654 1724 2735 πολλάκις
1766 2662 1917 2742 post
1958 2654 2267 2744 κάλλιον,
2312 2663 2387 2724 ut
2433 2659 2641 2725 oratio
2692 2660 2954 2745 optime

613 2764 962 2830 -flecurratz
992 2759 1094 2830 ὅτι
1132 2761 1427 2850 δύναμαι
1463 2761 1746 2830 κάλλιον
1788 2763 2168 2843 πολλάκις
2214 2759 2606 2831 ἀποθανεῖν.
2672 2759 2950 2832 Πολλά-

633 2895 741 2948 κις
785 2865 1246 2960 ἀποθνήσκειν
1301 2873 1530 2938 tritum
1579 2876 1680 2938 est
1724 2873 1897 2959 apud
1941 2878 2253 2958 oratore8‚
2324 2873 2691 2958 Platonem,
2764 2872 2949 2938 alios.
