3200 5175
1438 285 1514 295 -
1608 217 1743 314 ‘140
1834 284 1919 296 -

523 424 848 516 μακρός·
896 423 1150 514 μάρτυς
1196 421 1258 493 δ’
1311 421 1347 494 ὁ
1398 421 1746 512 Αἰσχύλου
1790 422 2266 512 (Doehnerus)‚
2308 426 2437 491 vel:
2492 420 2529 492 ὁ
2578 423 2653 492 δὲ
2696 427 2824 492 τοῦ

402 538 407 546 ’
523 532 773 602 πόνου
839 530 1144 623 (πολύς,
1209 523 1331 620 οὗ)
1395 529 1649 618 μάρτυς
1711 527 1747 598 ὁ
1808 534 1919 598 AC.
1982 530 2535 620 (Herwerdenus).
2633 532 2824 600 Nihil

523 699 703 764 opus.
791 677 1000 744 Locus
1055 675 1360 762 perfacile
1417 679 1685 742 sanatur
1731 674 2098 742 scribendo:
2156 637 2268 743 ΕῙ(
2316 672 2393 741 δὲ
2436 675 2559 741 τοῦ
2602 671 2824 740 πόνου

523 781 776 869 μάρτυς
819 808 904 832 ·-
953 783 1197 862 ἱκανός.
1239 821 1316 830 -
1363 782 1668 850 Proxima
1713 784 1972 869 egregie
2018 781 2386 868 Madvigius
2433 781 2823 848 emendavit:

523 885 750 978 μόλις
805 885 868 954 δ’
929 895 1047 973 εἴη
1102 882 1199 954 οἲν
1246 887 1538 978 (meliusz
1583 884 1776 976 μόλις
1822 882 1885 954 δ’
1939 881 2025 954 ἂν
2071 895 2205 974 εἴη,
2252 911 2372 974 pro
2419 884 2823 974 ὀλισθείη)

510 991 840 1082 ἀλγηδὼν
888 990 1030 1080 οὐχ
1075 994 1222 1083 (pro
1270 991 1459 1082 οὐδὲ)
1509 994 1700 1080 ἕτερα
1747 996 2021 1061 τοιαῦτα
2064 995 2348 1061 κινοῦσα
2394 1000 2527 1061 κτλ.

701 1103 862 1170 Post
896 1123 1128 1188 paueat
1172 1097 1248 1167 τὸ
1299 1098 1374 1168 δὲ
1417 1097 1632 1188 ἡδέως
1678 1103 1817 1188 ξῆν,
1864 1095 1950 1168 ἂν
1987 1097 2325 1168 ἅπτωνται
2360 1106 2636 1169 πλείονα
2672 1101 2826 1188 περὶ

522 1211 785 1278 τούτων
826 1206 1046 1294 λέγειν
1083 1203 1207 1276 οὐκ
1246 1208 1444 1276 ἐῶσιν
1481 1203 1679 1296 ἡμᾶς.
1740 1209 1954 1296 Wytt.
1993 1210 2292 1277 coniecit:
2336 1209 2459 1274 τοῦ
2498 1206 2573 1276 δὲ
2608 1204 2825 1295 ἡδέως

527 1318 646 1402 ζῆν
704 1310 897 1382 αὐτοὶ
949 1311 1348 1400 ἀπάγοντες,
1404 1317 1683 1382 πλείονα
1728 1314 1819 1381 κὲ.
1909 1316 2306 1402 Madvigius:
2364 1312 2439 1381 τὸ
2490 1313 2567 1381 δὲ
2610 1311 2826 1400 ἡδέως

528 1425 647 1511 ζῆν
681 1419 1108 1506 (ἐνάπτοντες,
1143 1426 1421 1490 πλείονα
1458 1426 1592 1488 κτλ.
1658 1421 2082 1489 Scribendum
2118 1427 2305 1509 puto:
2341 1423 2463 1489 τοῦ
2500 1420 2576 1489 δὲ
2612 1419 2827 1508 ἡδέως

524 1532 640 1616 ζῇν
701 1525 786 1597 ἂν
832 1526 1200 1613 ἅπτωνται,
1257 1533 1535 1596 πλείονα
1579 1534 1712 1596 κτλ.
1791 1531 1831 1596 i.
1877 1552 1927 1595 e.
1975 1523 2063 1595 ἂν
2110 1529 2485 1615 ἐπιχειρῶσι
2532 1528 2827 1614 διαλέγε-

527 1643 692 1704 σθαι
735 1633 899 1725 ἡμῖν
942 1635 1094 1722 περὶ
1139 1638 1263 1702 τοῦ
1307 1630 1522 1721 ἡδέως
1569 1636 1709 1720 ζῆν,
1754 1639 2030 1718 πλείονα
2074 1633 2165 1701 κεῖ.

704 1744 775 1812 G.
822 1746 866 1809 4
911 1742 1002 1830 (p.
1054 1744 1222 1810 1089
1237 1742 1332 1830 a):
1381 1744 1452 1809 οί
1491 1739 1567 1808 δὲ
1611 1739 1825 1831 τούτῳ
1871 1739 2155 1829 μάλιστα
2200 1738 2319 1809 τὸν
2367 1739 2585 1827 σοφὸν
2630 1737 2829 1828 ἡγού-

524 1875 716 1936 μενοι
782 1849 1159 1936 διαφέρειν,
1221 1850 1314 1940 τῷ
1370 1845 1825 1935 μνημονεύειν
1880 1848 2175 1936 ἐναργῶς
2228 1849 2340 1915 καὶ
2396 1848 2704 1935 συνέχειν
2749 1850 2828 1916 ἐν

526 1953 706 2048 αὑτῷ
765 1953 846 2023 τὰ
903 1955 1055 2042 περὶ
1109 1952 1228 2035 τὰς
1281 1952 1534 2042 ἡδονὰς
1587 1953 1902 2041 φάσματα
1962 1955 2072 2023 καὶ
2118 1953 2305 2042 πάθη
2350 1955 2464 2023 καὶ
2508 1954 2827 2042 κινήσεις,

523 2085 585 2148 εί
610 2079 736 2168 μὲν
764 2076 969 2148 οὐδὲν
996 2077 1188 2164 ἄξιον
1216 2085 1459 2166 σοφίας
1484 2081 1975 2168 παρεγγυῶσιν,
2006 2083 2329 2151 “’ω(ΠΕΡ
2368 2057 2823 2150 (ωΜᾸΤωΝ

523 2176 742 2275 ΟῙΚῙΑΙ
788 2207 870 2292 τῆ
917 2209 1096 2295 ψυχῇ
1141 2208 1264 2273 τοῦ
1312 2208 1537 2291 σοφοῦ
1571 2201 1653 2271 τὰ
1687 2207 1805 2293 τῆς
1849 2201 2101 2292 ἡδονῆς
2146 2205 2558 2292 ἐκκλύσματα
2594 2206 2826 2292 μένειν

524 2312 788 2398 ἐῶντες,
857 2308 947 2398 μὴ
1004 2312 1316 2398 λέγωμεν.
1399 2313 1650 2379 Locum
1716 2315 2193 2380 conclamatum
2254 2318 2464 2380 totum
2532 2315 2827 2400 apposui,

522 2426 598 2487 ut
653 2421 980 2488 sententia
1035 2421 1262 2486 melius
1320 2422 1811 2506 perspiceretur.
1902 2421 2205 2486 Reiskius
2262 2422 2539 2488 coniecit
2600 2415 2825 2508 ῶσπερ

521 2523 849 2617 ἀσωμάτῳ
909 2528 1118 2615 οἰκία,
1176 2530 1243 2593 et
1300 2526 1528 2594 deinde
1573 2521 2043 2613 ὑπεκκαύματα
2090 2526 2514 2614 παραμένειν.
2605 2526 2826 2615 Wytt:

522 2633 781 2720 σήματα
856 2632 931 2699 ἐν
996 2634 1190 2721 οἰκίᾳ.
1288 2633 1703 2700 Doehnerus:
1776 2630 1996 2721 ῶσπερ
2063 2631 2422 2721 σαρῶματα
2486 2634 2561 2701 ἐν
2627 2636 2824 2723 οἰκίᾳ.

521 2742 719 2809 idem:
765 2735 854 2819 ῶς
897 2738 1365 2827 περισσῶματα
1409 2743 1654 2829 κοιλίᾳ,
1702 2743 1802 2808 cui
1848 2742 2130 2826 priorem
2177 2742 2663 2828 praeferendam
2711 2744 2823 2809 du-

527 2850 632 2915 cit.
723 2849 1030 2914 Rasmus:
1078 2844 1297 2934 ῶσπερ
1345 2844 1649 2934 σύρματα
1698 2846 1771 2913 ἐν
1820 2850 1995 2937 οἰκίᾳ
2039 2850 2119 2936 τῇ
2166 2849 2361 2936 ψυχῇ.
2453 2848 2825 2937 Madvigius

524 2956 595 3020 in
641 2952 970 3040 σωμάτων
1017 2957 1193 3042 οἰκίᾳ
1239 2957 1440 3021 latere
1485 2976 1725 3021 nomen
1772 2955 1897 3021 loci
1943 2955 2117 3022 foedi
2164 2960 2231 3021 et
2272 2957 2645 3042 contempti,
2692 2980 2822 3043 quo

523 3061 971 3128 immunditiae
1029 3067 1467 3147 congerantur
1521 3066 1586 3127 et
1642 3063 1999 3163 confluant,
2055 3063 2270 3147 docet3
2334 3064 2436 3129 cui
2492 3064 2825 3131 doctrinae

523 3168 995 3235 Herwerdenus
1059 3171 1512 3253 obtemperans
1574 3170 1880 3235 coniecit:
1945 3166 2166 3255 ῶσπερ
2230 3168 2304 3235 ἐν
2364 3172 2733 3255 σκωραμίδι
2748 3170 2821 3258 (ἔ)

519 3278 600 3363 τῇ
658 3276 855 3363 ψυχῇ.
946 3275 1080 3341 Alii
1141 3278 1286 3341 alia.
1340 3314 1416 3323 —-
1467 3275 1612 3362 Ego
1662 3276 2070 3342 scribendum
2117 3280 2308 3362 puto:
2362 3278 2515 3345 ‘wc
2561 3279 2821 3345 ΠΕΡΙ(-

522 3376 856 3469 cu'JMAT’
902 3398 1019 3467 ἘΝ
1078 3377 1357 3487 (ΙΚῨΑΙ,
1402 3403 1584 3467 cuius
1636 3400 2106 3468 emendationis
2164 3402 2221 3467 si
2267 3401 2418 3487 quid
2475 3402 2551 3467 de
2598 3420 2819 3489 περισ-

520 3502 768 3593 σῶματ’
822 3506 896 3573 ἐν
943 3509 1242 3575 dubitare
1286 3509 1460 3594 licet,
1507 3508 1584 3573 de
1631 3504 1834 3597 σικύα
1882 3531 2017 3575 non
2063 3509 2220 3575 item
2268 3508 2345 3574 cf.
2381 3531 2442 3593 p.
2472 3509 2686 3576 518b:
2734 3510 2823 3589 ῶς

519 3609 648 3701 γὰρ
695 3614 780 3680 αἱ
821 3612 1088 3681 σικύαι
1132 3611 1216 3682 τὸ
1263 3597 1673 3702 χείριστον
1721 3613 1791 3682 ἐκ
1826 3616 1943 3701 τῆς
1984 3610 2229 3701 σαρκὸς
2264 3614 2596 3700 ἕλκουσιν,
2644 3612 2820 3683 οὕτω

519 3716 602 3786 τὰ
655 3722 790 3787 τῶν
839 3720 1422 3809 πολυπραγμόνων
1475 3713 1612 3789 ῶτα
1665 3719 1827 3801 τοὺς
1880 3720 2341 3807 φαυλοτάτους
2394 3720 2640 3807 λόγους
2687 3723 2821 3791 ἐπι-

519 3829 778 3896 σπᾶται.
849 3853 911 3915 p.
959 3830 1170 3895 600b:
1217 3830 1293 3895 αἱ
1352 3824 1476 3915 μὲν
1533 3826 1664 3916 γὰρ
1722 3828 2009 3916 ἰατρικαὶ
2067 3827 2333 3895 σικύαι
2389 3823 2471 3895 τὸ
2528 3831 2819 3914 φαυλό-

517 3960 753 4002 τατον
827 3934 899 4002 ἐκ
969 3937 1091 4003 τοῦ
1168 3937 1468 4023 σώματος
1547 3932 2180 4023 ἀναλαμβάνουσαι,
2250 3939 2645 4022 κουφίζουσι
2708 3936 2819 4004 καὶ

418 4088 424 4094 -
519 4040 804 4123 σῶζουσι
849 4038 924 4109 τὸ
945 4041 1201 4111 λοιπόν.
1294 4044 1446 4111 Sim.
1492 4068 1551 4131 p.
1599 4046 1731 4111 469
1750 4046 1807 4111 b.

699 4150 859 4217 Post
912 4174 1120 4237 pauca
1175 4153 1586 4219 scribendum
1646 4153 1917 4219 conicio:
1962 4147 2075 4231 ·ῶς
2132 4152 2207 4219 ἐν
2251 4153 2343 4243 τῷ
2385 4149 2637 4238 ταύτην
2685 4152 2818 4219 ἐπί-

519 4273 900 4361 νοεῖνπερὶ
950 4252 1288 4361 [ἡδοΝᾹί]
1335 4279 1577 4361 τιΝΑΕ,
1625 4280 1724 4343 vel
1760 4275 1912 4363 περὶ
1946 4279 2133 4355 τίνας
2169 4261 2441 4363 ἡδονάς,
2489 4277 2818 4364 ἐσομένην

520 4376 562 4468 ἢ
609 4382 1083 4469 γεγενημένην,
1126 4384 1250 4451 τοῦ
1293 4378 1506 4471 ἡδέως
1553 4386 1670 4469 ζῆν
1718 4380 1929 4461 ὄντος.
