3200 5175
1469 333 1957 398 -146—

701 508 993 566 Aristidis
1032 516 1063 564 6
1114 509 1283 565 adde:
1336 527 1389 579 p.
1429 515 1568 564 1004
1585 509 1650 564 d:
1705 503 1897 571 ἅπλῶς
1952 504 2265 566 ἀκουστέον
2321 504 2410 567 ὅτι
2466 513 2587 566 τῶν
2636 511 2769 580 περὶ
2811 507 2872 565 τὸ

559 600 718 670 σῶμα
770 600 871 669 τῆς
905 600 1092 669 ’ψυχῆς
1127 595 1430 668 δυνάμεων
1465 592 1744 652 πλειόνων
1782 593 1967 653 οὖσῶν
2006 594 2042 669 ἡ
2082 599 2462 671 διαλογιστικὴ
2504 602 2611 656 καὶ
2650 603 2873 671 διανοη-

558 685 684 760 τικὴ
737 684 976 759 μάλιστα
1021 689 1123 744 τοῦ
1171 689 1378 744 θείου
1425 681 1869 758 κεκοινώνηκεν,
1920 680 1993 758 ἣν
2038 689 2151 743 τῶν
2196 693 2379 746 θείων
2425 689 2531 746 καὶ
2589 684 2874 760 οὐρανίων

563 777 793 849 ἔφησεν.
1773 823 1779 834 .

702 867 763 924 P.
804 873 870 922 23
911 885 988 923 νε.
1026 871 1059 922 8
1097 866 1268 922 adde:
1307 864 1375 922 ef.
1417 871 1520 922 7⁷0
1539 883 1593 921 οε
1628 861 1923 936 Ἀγάθωνα
1950 897 2023 908 --
2048 863 2399 942 περιβάλλων
2436 869 2543 925 καὶ
2583 887 2875 924 κατασπα-

561 954 810 1029 ζόμενος.

482 1039 488 1049 “
701 1048 764 1102 Ρ.
802 1054 870 1102 42
908 1065 988 1104 νε.
1027 1053 1094 1101 23
1131 1045 1304 1101 adde:
1353 1043 1474 1104 Cat.
1522 1045 1655 1100 min.
1697 1052 1757 1101 42
1812 1040 2014 1108 α’τενὲς
2058 1046 2158 1102 καὶ
2202 1042 2523 1118 ἄκαμπτον.
2604 1065 2663 1119 Ρ.
2706 1055 2810 1104 640
2830 1050 2875 1105 f:

560 1134 597 1207 ἡ
635 1133 744 1208 γὰρ
783 1132 990 1205 ἀτενὴς
1027 1134 1124 1191 καὶ
1161 1132 1389 1205 σκληροὶ.

703 1245 764 1300 Ρ.
805 1249 874 1298 52
911 1261 992 1300 νε.
1030 1249 1098 1297 29
1137 1243 1308 1298 adde:
1363 1243 1511 1299 Guil.
1549 1242 1825 1298 Dindorfii
1869 1242 1931 1297 in
1975 1243 2124 1298 hune
2169 1244 2354 1298 loeum
2400 1244 2621 1300 notitia
2658 1261 2879 1300 mecum

563 1333 976 1390 communicata
1011 1333 1152 1388 haee
1189 1333 1300 1388 estz
1341 1331 1650 1402 ‘Euripidis
1686 1332 1861 1387 verba
1888 1333 2019 1386 sunt
2044 1330 2227 1402 Iphig.
2257 1333 2382 1386 Aul.
2416 1339 2525 1388 554
2556 1333 2632 1388 de
2662 1333 2879 1388 Venere

565 1423 721 1478 dieta
757 1423 845 1493 εἴη
885 1419 951 1477 δέ
989 1442 1087 1491 μοι
1121 1423 1318 1491 μετρία
1356 1419 1460 1490 μὲν
1493 1420 1502 1492 Ι
1534 1417 1725 1491 χάρις,
1761 1416 1941 1475 πόθοι
1978 1415 2035 1475 δ’
2077 1414 2228 1476 ὅσιοι
2260 1423 2269 1494 Ι
2301 1421 2399 1475 καὶ
2436 1419 2747 1492 μετέχοιμι
2781 1422 2881 1484 τᾶς

557 1506 939 1584 ἈφροδίΙτας,
975 1507 1190 1566 πολλὰν
1228 1505 1285 1566 δ’
1327 1504 1687 1580 ἀποθείμαν,
1732 1526 1877 1579 quae
1916 1509 2148 1565 coneilio
2186 1525 2286 1565 suo
2325 1510 2405 1565 sio
2441 1512 2679 1566 mutata
2716 1512 2778 1566 et
2812 1510 2879 1565 de

563 1602 693 1657 vino
731 1600 888 1656 dieta
923 1599 1369 1656 accommodavit
1403 1599 1739 1654 Plutarchus
1776 1599 1899 1668 εἴης
1937 1617 2035 1670 μοι
2069 1596 2297 1669 μέτριον
2332 1597 2441 1669 μὲν
2472 1601 2481 1672 Ι
2516 1600 2699 1670 πῶμα
2740 1595 2873 1670 μηδ’

563 1686 934 1753 ἄπολείποις’.

702 1789 763 1844 Ρ.
803 1794 872 1844 60
909 1805 987 1843 vs,
1032 1793 1094 1842 13
1132 1786 1304 1842 addet
1355 1786 1425 1841 cf.
1465 1805 1518 1857 p.
1557 1786 1745 1842 mdt
1795 1787 1861 1858 τῇ
1908 1782 2169 1858 θαλάσσῃ
2209 1783 2285 1858 μὴ
2324 1785 2675 1859 δυναμένων
2715 1783 2873 1858 ἡμῶν

561 1881 920 1949 προσελθεῖν.

705 1978 765 2033 Ρ.
807 1983 874 2033 62
919 1994 1000 2033 νε.
1041 1982 1074 2030 3
1112 1975 1281 2030 addet
1331 1993 1386 2044 p.
1425 1975 1613 2030 235112
1665 1975 1777 2028 τῶν
1824 1974 1889 2031 δὲ
1927 1973 2305 2046 Πανελλήνων
2355 1971 2874 2048 ἐπισημειωσα-

564 2065 788 2139 μένων
825 2063 1008 2140 κρότῳ
1046 2061 1110 2120 τό
1151 2062 1290 2128 ἔθος
1324 2063 1424 2119 καὶ
1460 2059 2015 2133 ὑπερεπαινούντων.
2080 2067 2211 2122 Non
2246 2067 2333 2121 est
2367 2065 2535 2121 huius
2576 2066 2697 2122 loci
2726 2061 2873 2121 ἐπι-

564 2156 1032 2227 σημειοῦσθαι
1076 2157 1370 2223 annotare,
1419 2152 1519 2208 sed
1567 2149 2165 2224 ἐπισημαίνεσθαι
2212 2156 2553 2226 approbare,
2601 2158 2672 2211 ut
2706 2154 2874 2226 paulo

561 2248 694 2317 post
739 2247 810 2301 de
847 2261 907 2302 re
945 2245 1142 2300 eadem
1177 2245 1330 2300 reete
1367 2242 1601 2298 dieitur:
1652 2238 1919 2313 ἐκρότησε
1960 2239 2100 2314 μετὰ
2139 2244 2347 2314 πολλῆς
2386 2239 2874 2316 ἐπισημασίας.

565 2331 764 2409 Κρότῳ
804 2331 1197 2406 ἔπισημαίνειν
1235 2333 1380 2389 dixit
1415 2332 1589 2388 etiam
1626 2331 1909 2404 Polybius.

704 2441 768 2500 P.
803 2448 876 2498 66
909 2459 992 2497 νε.
1033 2447 1100 2496 13
1137 2440 1314 2495 addez
1357 2457 1402 2494 e.
1443 2446 1474 2494 1
1511 2457 1565 2510 p.
1606 2439 1767 2494 30⁶b
1804 2439 2160 2496 scribendum
2196 2443 2364 2512 puto:
2413 2436 2874 2513 ὑπεράνθρω-

567 2550 696 2587 πον
733 2533 858 2603 (pro
893 2526 1037 2602 ὑπὲρ
1075 2525 1411 2601 ἄνθρωπον)
1451 2529 1775 2599 φαντασίαν
1811 2525 2191 2602 θεασάμενος.

707 2638 766 2696 G.
806 2646 838 2693 3
875 2657 930 2709 p.
968 2638 1155 2694 306b:
1201 2633 1437 2708 ἠρεμίας
1475 2634 1539 2692 δὲ
1577 2633 1966 2708 ὑπαρχούσης,
2006 2634 2035 2692 ὃ
2071 2633 2429 2709 Ὀρθρυάδης
2468 2634 2745 2713 ἐπιζήσας
2780 2636 2873 2693 καὶ

564 2741 925 2818 ἡμικλάστοις
962 2740 1196 2816 δόρασιν
1236 2740 1670 2815 ἐπερειδόμενος
1706 2740 1810 2808 τὰς
1836 2746 1947 2799 τῶν
1976 2746 2195 2816 νεκρῶν
2228 2724 2596 2802 ἈΡΠᾸΖωΝ
2629 2742 2872 2806 α’σπίδας

564 2836 982 2905 περιείλετο,
1027 2834 1126 2889 ubi
1174 2828 1442 2904 ἁρπάζων
1491 2836 1550 2888 et
1584 2834 1895 2904 περιείλετο
1934 2834 2173 2889 absurde
2212 2834 2658 2907 coniunguntur,
2708 2834 2869 2889 alter-

564 2926 756 2979 utrum
801 2924 953 2978 enim
1003 2924 1139 2979 satis
1185 2924 1358 2990 esset3
1419 2924 1590 2992 atque
1634 2922 1911 2993 interpres
1956 2921 2166 2979 latinus
2210 2923 2448 2979 reddens
2499 2923 2869 2980 ‘mortuorum

565 3014 728 3068 scuta
752 3012 1000 3067 abstulit’
1033 3008 1304 3082 ἁρπάζων
1333 3012 1537 3067 omisit.
1584 3011 1673 3066 Ad
1702 3010 1816 3067 loei
1842 3012 2099 3067 morbum
2129 3012 2531 3069 removendum
2557 3013 2705 3069 facit
2723 3010 2869 3081 quod

567 3101 819 3172 sequitur
865 3100 1225 3172 parallelum,
1280 3100 1379 3155 ubi
1425 3100 1658 3171 legitur:
1704 3102 2016 3171 περιείλετο
2063 3101 2194 3155 τῶν
2244 3095 2705 3173 ἀνῃρημένων
2754 3118 2869 3154 πο·-

565 3192 723 3262 λεμί
730 3211 817 3246 ων
868 3187 969 3254 τὰς
1028 3184 1290 3253 ἀσπίδας.
1365 3188 1514 3243 Loco
1563 3191 1754 3244 nostro
1804 3205 1907 3258 pro
1955 3188 2267 3244 necessario
2316 3192 2603 3260 πολεμίων
2653 3190 2869 3261 prostat

567 3281 908 3355 {superfluum
944 3281 1004 3336 et
1038 3280 1340 3335 absurdum
1377 3274 1666 3349 ἁρπάζων,
1705 3279 1873 3347 quod,
1909 3280 1974 3335 ut
2008 3294 2138 3332 mea
2175 3278 2402 3348 quidem
2433 3279 2718 3336 sententia
2745 3277 2866 3345 fert,

570 3371 784 3426 scribae
841 3368 1131 3425 cuiusdam
1177 3371 1266 3424 est
1309 3368 1665 3439 figmentum,
1716 3367 1841 3436 qui,
1897 3384 2024 3421 oum
2072 3367 2208 3436 quid
2256 3368 2406 3422 esset
2439 3368 2712 3424 ΑΡΠΙωΝ
2761 3383 2869 3421 non

567 3459 941 3529 intellegeret,
980 3457 1222 3513 correxit
1259 3456 1476 3512 seilicet
1503 3452 1832 3527 ἁρπά(ζ)ων.
1885 3456 2083 3526 Itaque
2113 3456 2466 3511 scribendum
2494 3459 2554 3512 et
2579 3458 2865 3527 interpun-

569 3566 816 3637 gendum
863 3565 1084 3621 videtur
1119 3565 1180 3619 in
1213 3565 1364 3620 hune
1399 3564 1653 3620 modum:
1710 3559 1812 3626 τὰς
1861 3564 1973 3617 τῶν
2025 3563 2245 3633 νεκρῶν
2284 3541 2591 3619 ἈΡΓΕῙωΝ
2630 3560 2871 3622 ἀσπίδας

569 3656 898 3725 περιείλετο,
935 3654 1034 3709 καὶ
1069 3651 1342 3726 τρόπαιον
1383 3649 1587 3723 στήσας
1624 3684 1692 3693 -
1732 3647 2044 3722 ἐπέγραψε,
2081 3654 2146 3707 ut
2181 3651 2403 3721 νεκρῶν
2440 3654 2613 3709 verbo
2662 3648 2867 3724 ἆνῃρη·

569 3740 758 3813 μένων
793 3744 1131 3813 respondeat
1165 3744 1225 3799 et
1254 3736 1510 3814 ’Λργείων
1546 3760 1599 3798 ν.
1639 3741 1939 3812 πολεμίων.

714 3848 771 3905 G.
812 3855 842 3903 9
881 3868 934 3919 p.
975 3855 1076 3905 307
1099 3848 1127 3903 f
1147 3866 1269 3919 sqq.
1315 3864 1419 3919 pro
1465 3846 1657 3903 formis
1692 3846 1973 3902 barbaris:
2022 3842 2082 3901 οἴ
2111 3850 2467 3918 θυγατριδαί
2497 3850 2558 3903 et
2590 3846 2723 3911 τοὺς
2754 3849 2861 3900 θυ-

571 3935 854 4009 γατριδάς,
893 3956 1034 4008 quas
1068 3952 1264 3993 >omnee
1301 3937 1459 3993 editt.
1497 3934 1761 4005 retinent,
1798 3935 1917 3989 sine
1945 3952 2105 3991 mora
2130 3935 2485 3992 scribendum
2517 3935 2577 3993 οἴ
2597 3942 2861 4007 θυγατρι-

579 4030 680 4083 δοῖ
707 4029 766 4082 et
799 4022 933 4090 τοὺς
967 4027 1367 4097 θυγατριδοῦς.

713 4133 771 4189 C.
813 4140 879 4189 16
915 4153 971 4204 Ρ.
1011 4139 1113 4188 309
1133 4134 1172 4187 d
1209 4132 1416 4203 corrig:
1467 4129 1859 4206 προυβάλοντο
1894 4148 1997 4202 pro
2036 4126 2483 4205 προύβάλλοντο,
2523 4133 2649 4188 eoll.
2684 4126 2861 4202 paral·

578 4223 689 4279 lelo
729 4226 972 4279 εἵλοντο.

717 4313 776 4369 C.
822 4319 891 4367 35
947 4331 1000 4383 p.
1049 4318 1206 4367 3140
1259 4312 1613 4368 scribendum
1666 4326 1813 4367 esse:
1874 4306 1981 4367 ἐὰν
2036 4309 2335 4381 παρθένον
2382 4342 2449 4353 -
2497 4309 2667 4367 κατὰ
2723 4308 2861 4367 ἔτος

573 4398 840 4456 θύωσιν
880 4404 1000 4472 (pro
1037 4400 1314 4473 θύσωσιν)
1352 4407 1409 4458 et
1442 4420 1532 4458 res
1565 4401 1695 4472 ipea
1730 4403 1899 4457 docet
1934 4403 1993 4457 et
2026 4402 2386 4472 parallelum:
2434 4397 2540 4457 ἐὰν
2578 4397 2859 4473 παρθένον

579 4521 644 4530 —-
683 4487 904 4545 θύωσι
939 4486 1068 4545 κατ’
1113 4487 1392 4547 ἐνιαυτόν.
