3200 5175
1501 322 1927 387 *78*

567 505 704 566 κτλ.
793 476 1003 584 Wytt.
1069 502 1352 584 supplet:
1418 488 1495 564 εὖ
1539 493 1604 583 γ’
1657 500 1786 584 ἔφη
1834 492 1869 563 ὅ
1918 500 2297 583 Σεραπίων.
2385 496 2692 563 Fortasse
2738 520 2859 564 scr:

567 618 902 710 άΝὲΘΗκε
931 618 1106 727 [ΝΑΙ’,
1144 642 1331 709 ἘΦΗ
1371 640 1609 724 Θέων].
1674 638 1773 706 Of.
1809 643 2013 735 c.·143
2061 644 2197 724 ναί,
2245 642 2371 725 ἔφη
2412 634 2447 705 ὅ
2489 642 2860 725 Σεραπίων.

748 748 816 815 O.
863 750 952 815 20
997 750 1146 815 init:
1205 752 1376 815 ἔνιοι
1423 746 1498 814 δὲ
1551 747 1664 814 καὶ
1718 750 1849 813 νῦν
1902 744 2063 833 μετὰ
2116 746 2375 833 μέτρων
2423 746 2864 833 ἐκτρέχουσιν,

565 846 666 921 ὧν
711 854 944 921 ἕνεκα
988 854 1117 921 καὶ
1162 857 1431 941 πρᾶγμα
1468 852 1871 941 περιβόητον
1906 856 2236 939 πεποίηκε.
2298 854 2406 920 Ita
2444 854 2623 920 codd.
2654 853 2861 937 Wytt.

567 963 880 1028 correxit:
941 951 1038 1028 ὧν
1095 961 1214 1027 ἕνα
1260 960 1370 1028 καὶ
1416 986 1558 1048 πρ.,
1616 984 1777 1047 quae
1822 962 2202 1029 Duebnerus
2248 962 2508 1047 recepit.
2598 962 2862 1027 Plenius

570 1070 981 1135 scribendum
1026 1069 1302 1135 videtur:
1352 1058 1450 1134 ὧν
1497 1068 1617 1135 ἕνα
1661 1073 1781 1135 καί
1820 1070 1947 1151 [ΤΙ]
1995 1070 2299 1155 Πρᾶγμα.

745 1175 814 1243 C.
854 1177 942 1242 23
979 1174 1070 1261 (p.
1108 1176 1240 1241 406
1271 1174 1369 1262 a):
1407 1169 1554 1258 ἀλλ’
1597 1170 1877 1243 ἄτοπον·
1926 1178 2206 1261 ἔρωτες
2243 1172 2373 1263 γὰρ
2420 1170 2541 1241 ὅτι
2585 1172 2861 1241 πολλοὶ

561 1280 703 1350 τὸν
757 1280 1191 1371 ἄνθρωπον
1245 1280 1785 1370 ἐπιστρέφονται,
1842 1294 2084 1367 ψυχαῖς
2137 1277 2530 1367 ὁμιλοῦντες
2584 1276 2707 1347 οὐκ
2760 1275 2861 1345 εὖ·

563 1391 753 1473 ‹pm-59
799 1384 960 1455 οὐδὲ
1008 1388 1283 1476 ἑτοίμως
1326 1386 1491 1477 πρὸς
1526 1388 1859 1475 μουσικὴν
1896 1388 2226 1475 ἐχούσαις,
2272 1384 2556 1454 ἄναυλοι
2592 1384 2717 1472 μὲν
2751 1386 2860 1453 καὶ

563 1492 824 1582 ἄλυροι,
870 1495 1060 1562 λάλοι
1099 1494 1173 1561 δὲ
1211 1492 1416 1563 οὐδὲν
1451 1486 1657 1584 ἧττόν
1692 1500 1819 1563 εἰσι
1856 1494 1969 1562 καὶ
2012 1492 2327 1583 διάπυροι
2364 1496 2503 1562 τῶν
2538 1495 2861 1561 παλαιῶν.

567 1602 741 1670 Loco
801 1603 1108 1689 impedito
1154 1604 1368 1669 varias
1407 1605 1770 1670 “medicinas
1826 1604 2148 1671 adhibent.
2239 1602 2542 1669 Reiskius
2588 1602 2863 1668 coniecit

565 1711 677 1775 ἔτι
722 1732 843 1795 pro
891 1705 1009 1775 ὅτι.
1091 1708 1303 1794 Wytt.
1350 1713 1423 1775 οἳ
1461 1714 1717 1776 πολλοί.
1799 1711 2180 1777 Duebnerus
2228 1710 2490 1796 scripsit
2536 1707 2642 1774 ἐπὶ
2686 1706 2872 1775 πολύ.

567 1819 632 1881 et
675 1839 710 1881 e
759 1816 958 1882 Turn.
1006 1822 1072 1883 et
1114 1816 1194 1883 V.
1250 1818 1386 1883 τῶν
1432 1814 1825 1903 ἀνθρώπων
1869 1840 1988 1902 pro
2033 1813 2154 1883 τὸν
2200 1812 2588 1901 ἄνθρωπον.
2678 1814 2861 1881 Nihil

565 1923 960 1990 desiderabis
1007 1924 1376 1990 scribendo:
1421 1926 1691 2009 ἔρωτΟ(
1728 1920 1855 2009 γὰρ
1895 1926 1990 1990 ἔτι
2026 1920 2263 1990 πολλοὶ
2299 1923 2435 1989 τῶν
2473 1917 2860 2005 ἀνθρώπων

563 2028 1094 2117 ἐπιστρέφονται,
1139 2042 1381 2117 ψυχαῖς
1425 2026 1552 2117 (δ’)
1599 2027 2024 2117 ὁμιλοῦντΟ(
2073 2025 2196 2097 οὐκ
2242 2024 2475 2115 εύφυεὸ
2484 2054 2517 2105 ς
2550 2048 2639 2075 -“-
2678 2025 2859 2113 ἐχού-

564 2154 741 2220 σαις,
788 2133 1070 2205 ἄναυλοι
1116 2136 1240 2224 μὲν
1284 2135 1396 2204 καὶ
1443 2134 1683 2225 ἄλυροι
1728 2136 1818 2203 κὲ.
1885 2134 2442 2223 Ἐπιστρέφεσθαι
2488 2137 2557 2200 in
2602 2158 2859 2201 sensum

563 2248 828 2310 curandi
875 2246 1251 2331 saepissime
1300 2246 1470 2331 apud
1515 2244 1833 2311 Nostrum
1881 2267 2026 2310 cum
2074 2244 2373 2330 genetivo
2428 2243 2735 2329 iungitur.

740 2367 846 2434 De
905 2366 1189 2435 defectu
1249 2369 1714 2436 oraculorum
1770 2391 1823 2435 c.
1880 2371 1919 2433 8
1976 2368 2064 2453 (p.
2109 2368 2242 2433 414
2272 2364 2369 2447 ab
2430 2361 2721 2453 ἀκριβῶς
2774 2362 2858 2433 ἂν

563 2472 742 2567 αὐτῷ
789 2472 1192 2563 παράσχοιμι
1238 2478 1355 2561 τῆς
1401 2472 1871 2564 εὑρεσιλογίας.
1947 2474 2124 2551 Quae
2170 2474 2380 2560 Wytt.
2426 2476 2521 2540 ita
2566 2475 2860 2541 videntur

564 2584 1008 2670 concipienda:
1068 2578 1356 2668 ἀκριβῶς
1415 2578 1593 2673 αὐτῷ
1656 2584 2029 2670 μαρτυρίαν
2082 2577 2485 2668 παράσχοιμι
2539 2582 2657 2667 τῆς
2701 2577 2859 2667 εὑρ.,

567 2692 711 2757 aliis
778 2692 906 2756 alio
971 2690 1182 2756 modo.
1233 2679 1422 2776 ‘Ego
1479 2683 1888 2756 scribendum
1944 2693 2132 2776 puto:
2196 2683 2489 2777 ἀκριβῶς
2544 2683 2631 2755 ἂν
2678 2686 2857 2780 αὐτῷ

563 2795 949 2882 μετάσχοιμι
993 2799 1111 2882 τῆς
1156 2793 1312 2886 εὑρ.,
1358 2821 1520 2885 quae
1568 2797 1868 2883 apodosis
1908 2801 2011 2864 est
2044 2797 2475 2883 hypotheseos
2521 2803 2579 2862 εἰ
2610 2793 2859 2882 ταύτην

561 2899 790 2988 λαβὼν
837 2899 1050 2989 ἀρχὴν
1095 2909 1262 2990 φαίη
1309 2929 1423 2982 τις.

739 3010 944 3076 Paulo
999 3017 1177 3095 post:
1238 3016 1423 3089 τίνος
1475 3009 1604 3096 γὰρ
1660 3001 1748 3098 ἦν
1802 3005 2099 3097 ἀγαθὸν,
2155 3013 2217 3076 εί
2268 3010 2341 3076 ἐν
2397 3007 2721 3097 Τεγύραις
2772 3049 2857 3057 -

562 3142 649 3236 ἦν
712 3163 1027 3237 μαντεῖον
1090 3146 1131 3237 ἢ
1195 3151 1343 3239 περὶ
1407 3149 1480 3219 τὸ
1546 3154 1823 3241 Πτῷον,
1886 3149 2060 3219 ὅπου
2116 3128 2381 3220 Mef’OC
2444 3148 2695 3240 ἡμέρας
2758 3152 2854 3219 ἐν·

562 3269 788 3344 τυχεῖν
852 3257 1034 3325 ἐστιν
1093 3253 1432 3348 ἀνθρώπῳ
1493 3258 1783 3346 νέμοντι.
1884 3261 2151 3338 Quaerit
2204 3259 2414 3346 Wytt.
2482 3283 2567 3326 an
2625 3262 2861 3346 ἔργον

562 3360 884 3452 ἡμέρας,
947 3367 988 3432 i.
1035 3389 1086 3433 e.
1131 3367 1373 3453 integri
1419 3369 1545 3436 diei
1593 3391 1757 3453 opus
1802 3372 1903 3434 est
1946 3389 2149 3436 unum
2197 3367 2671 3452 deprehendere
2717 3389 2858 3451 pas-

564 3478 832 3538 centem.
923 3473 1208 3540 Cobetus
1262 3473 1683 3543 Plutarchum
1748 3475 1983 3546 dixisse
2030 3477 2281 3559 censet:
2348 3469 2521 3543 ὅπου
2574 3475 2855 3543 ΟΥΔΕΝ

562 3578 761 3665 μέρος
813 3575 1094 3667 ἡμέρας,
1152 3581 1265 3646 ubi
1319 3584 1538 3650 tamen
1583 3585 1845 3667 praeter
1889 3581 2019 3647 alia
2064 3581 2261 3648 etiam
2307 3581 2525 3646 hiatus
2572 3580 2857 3664 offendit,

565 3685 780 3771 ‘quem
817 3685 987 3752 Plut.
1035 3688 1254 3754 sedulo
1302 3687 1615 3756 evitavit'
1679 3687 1828 3774 Ego
1864 3688 2140 3755 conicio:
2186 3683 2379 3772 μόλις
2412 3681 2683 3773 ἡμέρας,
2722 3689 2859 3754 scil.

561 3789 654 3878 μή
701 3795 771 3857 τί
810 3816 885 3876 γε
929 3791 1204 3873 vinctos-3
1251 3796 1450 3862 moris
1497 3795 1701 3881 enim,
1746 3799 1821 3860 ut
1864 3795 2150 3881 videtur,
2204 3799 2367 3880 erat,
2412 3795 2481 3860 in
2526 3795 2855 3862 nonnullis

564 3921 785 3966 eorum
831 3903 1088 3968 noctem
1135 3901 1406 3987 exigere,
1450 3905 1526 3966 ut
1569 3902 1807 3967 diserte
1852 3901 2015 3966 dixit
2058 3925 2119 3986 p.
2170 3902 2295 3968 109
2326 3923 2386 3967 c:
2430 3897 2856 3986 προθυσάμε-

562 4029 690 4072 νον
751 4000 814 4070 δ’
882 4002 980 4086 ὡς
1039 4004 1282 4091 νόμος
1339 4006 1785 4092 ἐγκοιμᾶσθαι
1838 4005 1951 4073 καὶ
2007 4008 2180 4074 ἰδεῖν
2225 4003 2387 4087 ὄψιν
2430 4004 2724 4078 τοιάνδε.
2792 4011 2857 4072 et

561 4136 623 4198 p.
669 4113 803 4179 434
830 4137 892 4179 e:
952 4111 1354 4198 ἐννυχεύσας
1409 4103 1534 4180 οὖν
1588 4110 1626 4180 ὁ
1674 4110 2067 4200 ἄνθρωπος,
2126 4110 2380 4201 ὥσπερ
2430 4117 2616 4192 ἔθος
2660 4113 2857 4196 ἐστί,

559 4221 652 4309 τῷ
699 4221 878 4309 σηκῷ
924 4218 1036 4286 καὶ
1081 4219 1594 4307 κατακοιμηθεὶς
1638 4217 1992 4306 ἀπήγγειλε
2035 4217 2190 4306 μεθ’
2240 4217 2498 4308 ἡμέραν
2534 4217 2855 4288 ἐνύπνιον

560 4327 891 4394 τοιοῦτον.
983 4327 1080 4394 Cf.
1127 4350 1178 4394 c.
1223 4328 1282 4394 5.
1329 4327 1434 4394 45.
1480 4328 1720 4395 Herod.
1766 4329 1946 4415 VIII,
1994 4331 2138 4396 134.
2948 4335 2953 4342 '

742 4449 811 4518 O.
855 4453 944 4518 24
990 4451 1084 4540 (p.
1115 4452 1248 4518 423
1278 4449 1377 4538 d):
1421 4453 1512 4542 τῷ
1557 4448 1735 4541 λόγῳ
1780 4454 2037 4560 μᾶλλον
2082 4450 2301 4520 ἕπεται
2348 4449 2431 4518 τὸ
2477 4449 2617 4520 τὸν
2658 4449 2857 4518 θεὸν
