<?xml version="1.0" encoding="UTF-8"?>
<!DOCTYPE html PUBLIC "-//W3C//DTD XHTML 1.0 Transitional//EN"
    "http://www.w3.org/TR/xhtml1/DTD/xhtml1-transitional.dtd">
<html xmlns="http://www.w3.org/1999/xhtml" xml:lang="en" lang="en">
 <head>
  <title>
</title>
<meta http-equiv="Content-Type" content="text/html;charset=utf-8" />
  <meta name='ocr-system' content='tesseract 3.04.00' />
  <meta name='ocr-capabilities' content='ocr_page ocr_carea ocr_par ocr_line ocrx_word'/>
</head>
<body>
  <div class='ocr_page' id='page_1' title='image "./symbolaecritica00unkngoog_0072.png"; bbox 0 0 3200 5175; ppageno 0'>
   <div class='ocr_carea' id='block_1_1' title="bbox 1465 324 1905 390">
    <p class='ocr_par' dir='ltr' id='par_1_1' title="bbox 1465 324 1905 390">
     <span class='ocr_line' id='line_1_1' title="bbox 1465 324 1905 390; baseline -0.007 -16"><span class='ocrx_word' id='word_1_1' title='bbox 1465 324 1905 390; x_wconf 55' lang='lat'><strong><em>„60-</em></strong></span> 
     </span>
    </p>
   </div>
   <div class='ocr_carea' id='block_1_2' title="bbox 545 501 2975 594">
    <p class='ocr_par' dir='ltr' id='par_1_2' title="bbox 545 501 2975 594">
     <span class='ocr_line' id='line_1_2' title="bbox 545 501 2975 594; baseline -0.001 -24"><span class='ocrx_word' id='word_1_2' title='bbox 545 505 730 583; x_wconf 81' lang='lat' dir='ltr'><strong>Quod</strong></span> <span class='ocrx_word' id='word_1_3' title='bbox 779 505 1070 591; x_wconf 83' lang='lat' dir='ltr'><strong>sequitur</strong></span> <span class='ocrx_word' id='word_1_4' title='bbox 1122 501 1214 570; x_wconf 78' lang='grc' dir='ltr'><strong><em>δέ</em></strong></span> <span class='ocrx_word' id='word_1_5' title='bbox 1261 506 1412 589; x_wconf 85' lang='lat' dir='ltr'><strong>post</strong></span> <span class='ocrx_word' id='word_1_6' title='bbox 1465 503 1733 570; x_wconf 83' lang='grc' dir='ltr'><strong><em>δίκαιον</em></strong></span> <span class='ocrx_word' id='word_1_7' title='bbox 1788 501 2264 586; x_wconf 82' lang='lat' dir='ltr'><strong>transpositum</strong></span> <span class='ocrx_word' id='word_1_8' title='bbox 2310 503 2437 587; x_wconf 85' lang='lat' dir='ltr'><strong>est,</strong></span> <span class='ocrx_word' id='word_1_9' title='bbox 2491 505 2849 588; x_wconf 83' lang='lat' dir='ltr'><strong>postquam</strong></span> <span class='ocrx_word' id='word_1_10' title='bbox 2966 587 2975 594; x_wconf 16' lang='grc' dir='ltr'><strong><em>ἡ</em></strong></span> 
     </span>
    </p>
   </div>
   <div class='ocr_carea' id='block_1_3' title="bbox 541 603 2858 4537">
    <p class='ocr_par' dir='ltr' id='par_1_3' title="bbox 544 603 1653 697">
     <span class='ocr_line' id='line_1_3' title="bbox 544 603 1653 697; baseline -0.002 -21"><span class='ocrx_word' id='word_1_11' title='bbox 544 611 848 677; x_wconf 74' lang='lat' dir='ltr'><strong>librarius</strong></span> <span class='ocrx_word' id='word_1_12' title='bbox 893 633 1012 697; x_wconf 87' lang='lat' dir='ltr'><strong>pro</strong></span> <span class='ocrx_word' id='word_1_13' title='bbox 1060 605 1214 676; x_wconf 81' lang='grc' dir='ltr'><strong><em>οἶδα</em></strong></span> <span class='ocrx_word' id='word_1_14' title='bbox 1258 611 1422 697; x_wconf 82' lang='lat' dir='ltr'><strong>legit</strong></span> <span class='ocrx_word' id='word_1_15' title='bbox 1465 603 1653 675; x_wconf 86' lang='grc' dir='ltr'><strong><em>άλλά.</em></strong></span> 
     </span>
    </p>

    <p class='ocr_par' dir='ltr' id='par_1_4' title="bbox 541 709 2851 1851">
     <span class='ocr_line' id='line_1_4' title="bbox 722 709 2851 804; baseline -0.003 -18"><span class='ocrx_word' id='word_1_16' title='bbox 722 717 794 786; x_wconf 81' lang='lat' dir='ltr'><strong><em>G.</em></strong></span> <span class='ocrx_word' id='word_1_17' title='bbox 828 718 917 784; x_wconf 83' lang='lat'><strong><em>20</em></strong></span> <span class='ocrx_word' id='word_1_18' title='bbox 953 715 1042 804; x_wconf 90' lang='lat' dir='ltr'><strong><em>(p.</em></strong></span> <span class='ocrx_word' id='word_1_19' title='bbox 1086 719 1211 784; x_wconf 84' lang='lat'><strong><em>163</em></strong></span> <span class='ocrx_word' id='word_1_20' title='bbox 1239 716 1335 804; x_wconf 84' lang='lat' dir='ltr'><strong><em>d):</em></strong></span> <span class='ocrx_word' id='word_1_21' title='bbox 1379 715 1671 802; x_wconf 78' lang='grc' dir='ltr'><strong><em>κύματος</em></strong></span> <span class='ocrx_word' id='word_1_22' title='bbox 1713 713 1843 801; x_wconf 76' lang='grc' dir='ltr'><strong><em>γὰρ</em></strong></span> <span class='ocrx_word' id='word_1_23' title='bbox 1900 711 2227 800; x_wconf 78' lang='grc' dir='ltr'><strong><em>ἠλιβάτου</em></strong></span> <span class='ocrx_word' id='word_1_24' title='bbox 2270 713 2423 802; x_wconf 78' lang='grc' dir='ltr'><strong><em>περὶ</em></strong></span> <span class='ocrx_word' id='word_1_25' title='bbox 2467 709 2591 800; x_wconf 80' lang='grc' dir='ltr'><strong><em>τὴν</em></strong></span> <span class='ocrx_word' id='word_1_26' title='bbox 2626 715 2851 800; x_wconf 82' lang='grc' dir='ltr'><strong><em>νῆσον</em></strong></span> 
     </span>
     <span class='ocr_line' id='line_1_5' title="bbox 545 815 2849 911; baseline -0.001 -22"><span class='ocrx_word' id='word_1_27' title='bbox 545 823 909 911; x_wconf 77' lang='grc' dir='ltr'><strong><em>αἰρομένου</em></strong></span> <span class='ocrx_word' id='word_1_28' title='bbox 953 822 1064 889; x_wconf 83' lang='grc' dir='ltr'><strong><em>καὶ</em></strong></span> <span class='ocrx_word' id='word_1_29' title='bbox 1108 824 1245 890; x_wconf 74' lang='grc' dir='ltr'><strong><em>τῶν</em></strong></span> <span class='ocrx_word' id='word_1_30' title='bbox 1299 817 1687 908; x_wconf 75' lang='grc' dir='ltr'><strong><em>ἀνθρώπων</em></strong></span> <span class='ocrx_word' id='word_1_31' title='bbox 1742 818 2069 888; x_wconf 77' lang='grc' dir='ltr'><strong><em>δεδιότων</em></strong></span> <span class='ocrx_word' id='word_1_32' title='bbox 2124 815 2532 906; x_wconf 79' lang='grc' dir='ltr'><strong><em>ἀπαντῆσαι,</em></strong></span> <span class='ocrx_word' id='word_1_33' title='bbox 2588 818 2849 906; x_wconf 90' lang='grc' dir='ltr'><strong><em>μόνον</em></strong></span> 
     </span>
     <span class='ocr_line' id='line_1_6' title="bbox 541 922 2845 1019; baseline -0.001 -23"><span class='ocrx_word' id='word_1_34' title='bbox 541 926 841 1018; x_wconf 77' lang='grc' dir='ltr'><strong><em>θαλάττῃ</em></strong></span> <span class='ocrx_word' id='word_1_35' title='bbox 888 929 1165 998; x_wconf 78' lang='grc' dir='ltr'><strong><em>ἕπεσθαι</em></strong></span> <span class='ocrx_word' id='word_1_36' title='bbox 1213 925 1598 1007; x_wconf 80' lang='grc' dir='ltr'><strong><em>πολύποδας</em></strong></span> <span class='ocrx_word' id='word_1_37' title='bbox 1642 922 1820 1019; x_wconf 81' lang='grc' dir='ltr'><strong><em>αὐτῷ</em></strong></span> <span class='ocrx_word' id='word_1_38' title='bbox 1866 923 2033 1015; x_wconf 88' lang='grc' dir='ltr'><strong><em>πρὸς</em></strong></span> <span class='ocrx_word' id='word_1_39' title='bbox 2076 924 2151 995; x_wconf 86' lang='grc' dir='ltr'><strong><em>τὸ</em></strong></span> <span class='ocrx_word' id='word_1_40' title='bbox 2203 924 2387 1014; x_wconf 72' lang='grc' dir='ltr'><strong><em>ἱερὸν</em></strong></span> <span class='ocrx_word' id='word_1_41' title='bbox 2430 929 2555 994; x_wconf 84' lang='grc' dir='ltr'><strong><em>τοῦ</em></strong></span> <span class='ocrx_word' id='word_1_42' title='bbox 2602 933 2845 994; x_wconf 88' lang='grc' dir='ltr'><strong><em>Ποσει-</em></strong></span> 
     </span>
     <span class='ocr_line' id='line_1_7' title="bbox 545 1032 2844 1123; baseline -0.001 -21"><span class='ocrx_word' id='word_1_43' title='bbox 545 1037 779 1116; x_wconf 77' lang='grc' dir='ltr'><strong><em>δῶνος.</em></strong></span> <span class='ocrx_word' id='word_1_44' title='bbox 859 1038 1121 1104; x_wconf 85' lang='lat' dir='ltr'><strong>Lacuna</strong></span> <span class='ocrx_word' id='word_1_45' title='bbox 1185 1041 1338 1103; x_wconf 87' lang='lat' dir='ltr'><strong>ante</strong></span> <span class='ocrx_word' id='word_1_46' title='bbox 1401 1032 1703 1123; x_wconf 76' lang='grc' dir='ltr'><strong><em>θαλάττῃ</em></strong></span> <span class='ocrx_word' id='word_1_47' title='bbox 1762 1039 1888 1121; x_wconf 86' lang='lat' dir='ltr'><strong>est,</strong></span> <span class='ocrx_word' id='word_1_48' title='bbox 1952 1058 2147 1123; x_wconf 87' lang='lat' dir='ltr'><strong>quam</strong></span> <span class='ocrx_word' id='word_1_49' title='bbox 2203 1034 2587 1103; x_wconf 86' lang='lat' dir='ltr'><strong>Duebnerus</strong></span> <span class='ocrx_word' id='word_1_50' title='bbox 2644 1035 2844 1121; x_wconf 83' lang='lat' dir='ltr'><strong>signi·</strong></span> 
     </span>
     <span class='ocr_line' id='line_1_8' title="bbox 546 1138 2849 1230; baseline 0 -22"><span class='ocrx_word' id='word_1_51' title='bbox 546 1145 787 1230; x_wconf 80' lang='lat' dir='ltr'><strong>ficavit‚</strong></span> <span class='ocrx_word' id='word_1_52' title='bbox 831 1144 1046 1229; x_wconf 79' lang='lat' dir='ltr'><strong>Wytt.</strong></span> <span class='ocrx_word' id='word_1_53' title='bbox 1091 1143 1257 1210; x_wconf 88' lang='lat' dir='ltr'><strong>forte</strong></span> <span class='ocrx_word' id='word_1_54' title='bbox 1303 1143 1398 1209; x_wconf 84' lang='lat' dir='ltr'><strong><em>ita</em></strong></span> <span class='ocrx_word' id='word_1_55' title='bbox 1445 1143 1824 1228; x_wconf 80' lang='lat' dir='ltr'>explendam</span> <span class='ocrx_word' id='word_1_56' title='bbox 1869 1143 2077 1210; x_wconf 83' lang='lat' dir='ltr'><strong>ducit:</strong></span> <span class='ocrx_word' id='word_1_57' title='bbox 2130 1138 2353 1228; x_wconf 87' lang='grc' dir='ltr'><strong><em>μόνον</em></strong></span> <span class='ocrx_word' id='word_1_58' title='bbox 2407 1138 2683 1228; x_wconf 76' lang='grc' dir='ltr'><strong><em>ἐκβῆναι</em></strong></span> <span class='ocrx_word' id='word_1_59' title='bbox 2726 1143 2849 1227; x_wconf 82' lang='grc' dir='ltr'><strong><em>τῆς</em></strong></span> 
     </span>
     <span class='ocr_line' id='line_1_9' title="bbox 545 1243 2845 1338; baseline -0.001 -23"><span class='ocrx_word' id='word_1_60' title='bbox 545 1247 882 1335; x_wconf 79' lang='grc' dir='ltr'><strong><em>θαλάττης</em></strong></span> <span class='ocrx_word' id='word_1_61' title='bbox 925 1249 1036 1316; x_wconf 88' lang='grc' dir='ltr'><strong><em>καὶ</em></strong></span> <span class='ocrx_word' id='word_1_62' title='bbox 1083 1249 1362 1316; x_wconf 78' lang='grc' dir='ltr'><strong><em>ἕπεσθαι</em></strong></span> <span class='ocrx_word' id='word_1_63' title='bbox 1407 1246 1795 1326; x_wconf 81' lang='grc' dir='ltr'><strong><em>πολύποδας</em></strong></span> <span class='ocrx_word' id='word_1_64' title='bbox 1839 1243 2042 1338; x_wconf 79' lang='grc' dir='ltr'><strong><em>αὐτῷ,</em></strong></span> <span class='ocrx_word' id='word_1_65' title='bbox 2088 1271 2251 1334; x_wconf 80' lang='lat' dir='ltr'><strong>quae</strong></span> <span class='ocrx_word' id='word_1_66' title='bbox 2286 1247 2665 1314; x_wconf 77' lang='lat' dir='ltr'><strong>verisimilia</strong></span> <span class='ocrx_word' id='word_1_67' title='bbox 2708 1270 2845 1314; x_wconf 87' lang='lat' dir='ltr'><strong><em>non</em></strong></span> 
     </span>
     <span class='ocr_line' id='line_1_10' title="bbox 550 1354 2845 1441; baseline -0.002 -17"><span class='ocrx_word' id='word_1_68' title='bbox 550 1362 720 1424; x_wconf 85' lang='lat' dir='ltr'><strong>sunt.</strong></span> <span class='ocrx_word' id='word_1_69' title='bbox 801 1357 1170 1424; x_wconf 84' lang='lat' dir='ltr'><strong>Hercherus</strong></span> <span class='ocrx_word' id='word_1_70' title='bbox 1216 1361 1432 1422; x_wconf 87' lang='lat' dir='ltr'><strong>autem</strong></span> <span class='ocrx_word' id='word_1_71' title='bbox 1469 1356 1532 1422; x_wconf 90' lang='lat' dir='ltr'><strong><em>h.</em></strong></span> <span class='ocrx_word' id='word_1_72' title='bbox 1569 1356 1611 1421; x_wconf 94' lang='lat'><strong><em>1.</em></strong></span> <span class='ocrx_word' id='word_1_73' title='bbox 1648 1356 1761 1421; x_wconf 86' lang='lat' dir='ltr'><strong><em>ubi</em></strong></span> <span class='ocrx_word' id='word_1_74' title='bbox 1796 1356 1982 1421; x_wconf 86' lang='lat' dir='ltr'><strong>valde</strong></span> <span class='ocrx_word' id='word_1_75' title='bbox 2018 1354 2456 1422; x_wconf 86' lang='lat' dir='ltr'><strong>necessarium</strong></span> <span class='ocrx_word' id='word_1_76' title='bbox 2494 1358 2653 1441; x_wconf 90' lang='lat' dir='ltr'><strong>erat,</strong></span> <span class='ocrx_word' id='word_1_77' title='bbox 2688 1375 2845 1441; x_wconf 85' lang='lat' dir='ltr'><strong>neg-</strong></span> 
     </span>
     <span class='ocr_line' id='line_1_11' title="bbox 544 1455 2846 1550; baseline -0 -20"><span class='ocrx_word' id='word_1_78' title='bbox 544 1463 720 1531; x_wconf 83' lang='lat' dir='ltr'><strong>lexit.</strong></span> <span class='ocrx_word' id='word_1_79' title='bbox 802 1463 1246 1550; x_wconf 85' lang='lat' dir='ltr'><strong>Supplendum</strong></span> <span class='ocrx_word' id='word_1_80' title='bbox 1299 1467 1488 1549; x_wconf 86' lang='lat' dir='ltr'><strong>puto:</strong></span> <span class='ocrx_word' id='word_1_81' title='bbox 1549 1458 1770 1548; x_wconf 90' lang='grc' dir='ltr'><strong><em>μόνου</em></strong></span> <span class='ocrx_word' id='word_1_82' title='bbox 1825 1458 2335 1548; x_wconf 83' lang='grc' dir='ltr'><strong><em>[ΘΑρρήσαντος</em></strong></span> <span class='ocrx_word' id='word_1_83' title='bbox 2385 1462 2511 1528; x_wconf 87' lang='grc' dir='ltr'><strong><em>τοῦ</em></strong></span> <span class='ocrx_word' id='word_1_84' title='bbox 2556 1455 2846 1529; x_wconf 88' lang='grc' dir='ltr'><strong><em>Ἐνάλου</em></strong></span> 
     </span>
     <span class='ocr_line' id='line_1_12' title="bbox 543 1565 2849 1658; baseline -0.001 -22"><span class='ocrx_word' id='word_1_85' title='bbox 543 1577 952 1657; x_wconf 80' lang='grc' dir='ltr'><strong><em>προσελθεῖν</em></strong></span> <span class='ocrx_word' id='word_1_86' title='bbox 997 1571 1105 1658; x_wconf 84' lang='grc' dir='ltr'><strong><em>τῇ]</em></strong></span> <span class='ocrx_word' id='word_1_87' title='bbox 1163 1566 1491 1656; x_wconf 77' lang='grc' dir='ltr'><strong><em>ΘΑλάττῃ,</em></strong></span> <span class='ocrx_word' id='word_1_88' title='bbox 1545 1567 1827 1636; x_wconf 74' lang='grc' dir='ltr'><strong><em>ἕπεσθαι</em></strong></span> <span class='ocrx_word' id='word_1_89' title='bbox 1870 1565 1961 1634; x_wconf 78' lang='grc' dir='ltr'><strong><em>κὲ.</em></strong></span> <span class='ocrx_word' id='word_1_90' title='bbox 2044 1567 2321 1634; x_wconf 84' lang='lat' dir='ltr'><strong>Librarii</strong></span> <span class='ocrx_word' id='word_1_91' title='bbox 2381 1569 2551 1634; x_wconf 90' lang='lat' dir='ltr'><strong>oculi</strong></span> <span class='ocrx_word' id='word_1_92' title='bbox 2596 1569 2849 1634; x_wconf 88' lang='lat' dir='ltr'><strong>scilicet</strong></span> 
     </span>
     <span class='ocr_line' id='line_1_13' title="bbox 546 1673 2845 1764; baseline -0 -21"><span class='ocrx_word' id='word_1_93' title='bbox 546 1701 586 1743; x_wconf 87' lang='lat' dir='ltr'><strong>a</strong></span> <span class='ocrx_word' id='word_1_94' title='bbox 630 1679 812 1744; x_wconf 86' lang='lat' dir='ltr'><strong>verbi</strong></span> <span class='ocrx_word' id='word_1_95' title='bbox 855 1674 1171 1764; x_wconf 81' lang='grc' dir='ltr'><strong><em>ΘΑρρήσ.</em></strong></span> <span class='ocrx_word' id='word_1_96' title='bbox 1199 1677 1412 1762; x_wconf 86' lang='lat' dir='ltr'><strong>prima</strong></span> <span class='ocrx_word' id='word_1_97' title='bbox 1447 1676 1701 1762; x_wconf 78' lang='lat' dir='ltr'><strong>syllaba</strong></span> <span class='ocrx_word' id='word_1_98' title='bbox 1738 1678 1845 1744; x_wconf 86' lang='grc' dir='ltr'><strong><em>ΘΑ</em></strong></span> <span class='ocrx_word' id='word_1_99' title='bbox 1889 1676 1959 1741; x_wconf 87' lang='lat' dir='ltr'><strong>in</strong></span> <span class='ocrx_word' id='word_1_100' title='bbox 2007 1676 2278 1742; x_wconf 83' lang='lat' dir='ltr'><strong>alteram</strong></span> <span class='ocrx_word' id='word_1_101' title='bbox 2314 1674 2495 1742; x_wconf 77' lang='lat' dir='ltr'><strong>vocis</strong></span> <span class='ocrx_word' id='word_1_102' title='bbox 2534 1673 2845 1764; x_wconf 75' lang='grc' dir='ltr'><strong><em>θΑλάττῃ</em></strong></span> 
     </span>
     <span class='ocr_line' id='line_1_14' title="bbox 544 1785 1032 1851; baseline 0 -2"><span class='ocrx_word' id='word_1_103' title='bbox 544 1785 1032 1851; x_wconf 86' lang='lat' dir='ltr'><strong>transiluerunt.</strong></span> 
     </span>
    </p>

    <p class='ocr_par' dir='ltr' id='par_1_5' title="bbox 547 1883 2850 2294">
     <span class='ocr_line' id='line_1_15' title="bbox 725 1883 2850 1979; baseline -0.001 -23"><span class='ocrx_word' id='word_1_104' title='bbox 725 1888 796 1957; x_wconf 81' lang='lat' dir='ltr'><strong><em>O.</em></strong></span> <span class='ocrx_word' id='word_1_105' title='bbox 842 1891 924 1956; x_wconf 86' lang='lat'><strong><em>21</em></strong></span> <span class='ocrx_word' id='word_1_106' title='bbox 975 1891 1066 1974; x_wconf 90' lang='lat' dir='ltr'><strong><em>(p.</em></strong></span> <span class='ocrx_word' id='word_1_107' title='bbox 1110 1891 1236 1956; x_wconf 86' lang='lat'><strong><em>163</em></strong></span> <span class='ocrx_word' id='word_1_108' title='bbox 1263 1889 1356 1976; x_wconf 87' lang='lat' dir='ltr'><strong><em>f):</em></strong></span> <span class='ocrx_word' id='word_1_109' title='bbox 1403 1885 1597 1979; x_wconf 75' lang='grc' dir='ltr'><strong><em>ζῴοις</em></strong></span> <span class='ocrx_word' id='word_1_110' title='bbox 1637 1885 1713 1956; x_wconf 74' lang='grc' dir='ltr'><strong><em>δὲ</em></strong></span> <span class='ocrx_word' id='word_1_111' title='bbox 1751 1889 1985 1975; x_wconf 84' lang='grc' dir='ltr'><strong><em>χρῆται</em></strong></span> <span class='ocrx_word' id='word_1_112' title='bbox 2029 1884 2147 1975; x_wconf 89' lang='lat' dir='ltr'><strong>(sc.</strong></span> <span class='ocrx_word' id='word_1_113' title='bbox 2188 1883 2381 1974; x_wconf 78' lang='grc' dir='ltr'><strong><em>θεὸς)</em></strong></span> <span class='ocrx_word' id='word_1_114' title='bbox 2427 1884 2596 1974; x_wconf 88' lang='grc' dir='ltr'><strong><em>πρὸς</em></strong></span> <span class='ocrx_word' id='word_1_115' title='bbox 2642 1883 2850 1955; x_wconf 74' lang='grc' dir='ltr'><strong><em>οὐδὲν</em></strong></span> 
     </span>
     <span class='ocr_line' id='line_1_16' title="bbox 547 1990 2847 2081; baseline -0 -18"><span class='ocrx_word' id='word_1_116' title='bbox 547 1993 772 2076; x_wconf 78' lang='grc' dir='ltr'><strong><em>ἁπλῶς</em></strong></span> <span class='ocrx_word' id='word_1_117' title='bbox 817 1990 1080 2063; x_wconf 81' lang='grc' dir='ltr'><strong><em>οὐδέπω</em></strong></span> <span class='ocrx_word' id='word_1_118' title='bbox 1125 1997 1265 2062; x_wconf 76' lang='grc' dir='ltr'><strong><em>τῶν</em></strong></span> <span class='ocrx_word' id='word_1_119' title='bbox 1308 1990 1422 2062; x_wconf 78' lang='grc' dir='ltr'><strong><em>ὑπ’</em></strong></span> <span class='ocrx_word' id='word_1_120' title='bbox 1474 1990 1687 2062; x_wconf 77' lang='grc' dir='ltr'><strong><em>αὐτοῦ</em></strong></span> <span class='ocrx_word' id='word_1_121' title='bbox 1722 1993 2161 2081; x_wconf 76' lang='grc' dir='ltr'><strong><em>γιγνομένων.</em></strong></span> <span class='ocrx_word' id='word_1_122' title='bbox 2235 1995 2500 2061; x_wconf 85' lang='lat' dir='ltr'><strong>Reiskio</strong></span> <span class='ocrx_word' id='word_1_123' title='bbox 2540 1999 2847 2062; x_wconf 84' lang='lat' dir='ltr'><strong>monente</strong></span> 
     </span>
     <span class='ocr_line' id='line_1_17' title="bbox 549 2094 2849 2188; baseline -0.001 -18"><span class='ocrx_word' id='word_1_124' title='bbox 549 2125 775 2170; x_wconf 87' lang='lat' dir='ltr'><strong>omnes</strong></span> <span class='ocrx_word' id='word_1_125' title='bbox 815 2103 1092 2169; x_wconf 75' lang='lat' dir='ltr'><strong>editores</strong></span> <span class='ocrx_word' id='word_1_126' title='bbox 1131 2102 1350 2169; x_wconf 86' lang='lat' dir='ltr'><strong>delent</strong></span> <span class='ocrx_word' id='word_1_127' title='bbox 1392 2097 1676 2187; x_wconf 82' lang='grc' dir='ltr'><strong><em>οὐδέπω,</em></strong></span> <span class='ocrx_word' id='word_1_128' title='bbox 1714 2103 1885 2188; x_wconf 88' lang='lat' dir='ltr'><strong>quod</strong></span> <span class='ocrx_word' id='word_1_129' title='bbox 1920 2102 1991 2166; x_wconf 84' lang='lat' dir='ltr'><strong>in</strong></span> <span class='ocrx_word' id='word_1_130' title='bbox 2030 2094 2350 2168; x_wconf 78' lang='grc' dir='ltr'><strong><em>οὐδέποτε</em></strong></span> <span class='ocrx_word' id='word_1_131' title='bbox 2386 2106 2641 2168; x_wconf 87' lang='lat' dir='ltr'><strong>mutare</strong></span> <span class='ocrx_word' id='word_1_132' title='bbox 2676 2103 2849 2169; x_wconf 84' lang='lat' dir='ltr'><strong>forte</strong></span> 
     </span>
     <span class='ocr_line' id='line_1_18' title="bbox 548 2203 2850 2294; baseline 0 -20"><span class='ocrx_word' id='word_1_133' title='bbox 548 2213 856 2294; x_wconf 76' lang='lat' dir='ltr'><strong>praestat.</strong></span> <span class='ocrx_word' id='word_1_134' title='bbox 933 2203 1212 2274; x_wconf 81' lang='grc' dir='ltr'><strong><em>Οὐδέπω</em></strong></span> <span class='ocrx_word' id='word_1_135' title='bbox 1251 2212 1316 2274; x_wconf 89' lang='lat' dir='ltr'><strong>et</strong></span> <span class='ocrx_word' id='word_1_136' title='bbox 1345 2203 1664 2274; x_wconf 80' lang='grc' dir='ltr'><strong><em>οὐδέποτε</em></strong></span> <span class='ocrx_word' id='word_1_137' title='bbox 1708 2209 1955 2294; x_wconf 87' lang='lat' dir='ltr'><strong>passim</strong></span> <span class='ocrx_word' id='word_1_138' title='bbox 1982 2209 2152 2274; x_wconf 80' lang='lat' dir='ltr'><strong>inter</strong></span> <span class='ocrx_word' id='word_1_139' title='bbox 2183 2230 2325 2275; x_wconf 86' lang='lat' dir='ltr'><strong>sese</strong></span> <span class='ocrx_word' id='word_1_140' title='bbox 2352 2209 2850 2275; x_wconf 85' lang='lat' dir='ltr'><strong>confunduntur.</strong></span> 
     </span>
    </p>

    <p class='ocr_par' dir='ltr' id='par_1_6' title="bbox 546 2303 2858 4430">
     <span class='ocr_line' id='line_1_19' title="bbox 723 2303 2847 2403; baseline 0 -22"><span class='ocrx_word' id='word_1_141' title='bbox 723 2313 831 2382; x_wconf 80' lang='lat' dir='ltr'><strong><em>De</em></strong></span> <span class='ocrx_word' id='word_1_142' title='bbox 895 2314 1413 2399; x_wconf 78' lang='lat' dir='ltr'><strong>superstitione</strong></span> <span class='ocrx_word' id='word_1_143' title='bbox 1467 2338 1520 2381; x_wconf 92' lang='lat' dir='ltr'><strong><em>c.</em></strong></span> <span class='ocrx_word' id='word_1_144' title='bbox 1564 2317 1610 2381; x_wconf 87' lang='lat'>4</span> <span class='ocrx_word' id='word_1_145' title='bbox 1660 2312 1750 2403; x_wconf 88' lang='lat' dir='ltr'><strong><em>(p.</em></strong></span> <span class='ocrx_word' id='word_1_146' title='bbox 1802 2316 1928 2381; x_wconf 84' lang='lat'><strong><em>166</em></strong></span> <span class='ocrx_word' id='word_1_147' title='bbox 1957 2313 2050 2399; x_wconf 89' lang='lat' dir='ltr'><strong><em>e):</em></strong></span> <span class='ocrx_word' id='word_1_148' title='bbox 2107 2309 2248 2380; x_wconf 85' lang='grc' dir='ltr'><strong><em>εἶτα</em></strong></span> <span class='ocrx_word' id='word_1_149' title='bbox 2313 2303 2500 2381; x_wconf 83' lang='grc' dir='ltr'><strong><em>οὗτοι</em></strong></span> <span class='ocrx_word' id='word_1_150' title='bbox 2554 2311 2631 2382; x_wconf 88' lang='grc' dir='ltr'><strong><em>τὸ</em></strong></span> <span class='ocrx_word' id='word_1_151' title='bbox 2691 2317 2847 2382; x_wconf 92' lang='grc' dir='ltr'><strong><em>δου-</em></strong></span> 
     </span>
     <span class='ocr_line' id='line_1_20' title="bbox 550 2415 2850 2508; baseline 0 -20"><span class='ocrx_word' id='word_1_152' title='bbox 550 2418 774 2489; x_wconf 88' lang='grc' dir='ltr'><strong><em>λεύειν</em></strong></span> <span class='ocrx_word' id='word_1_153' title='bbox 827 2415 1128 2507; x_wconf 78' lang='grc' dir='ltr'><strong><em>ἀτύχημα</em></strong></span> <span class='ocrx_word' id='word_1_154' title='bbox 1173 2416 1498 2506; x_wconf 81' lang='grc' dir='ltr'><strong><em>ἡγοῦνται</em></strong></span> <span class='ocrx_word' id='word_1_155' title='bbox 1548 2419 1662 2487; x_wconf 85' lang='grc' dir='ltr'><strong><em>καὶ</em></strong></span> <span class='ocrx_word' id='word_1_156' title='bbox 1716 2420 1990 2504; x_wconf 79' lang='grc' dir='ltr'><strong><em>λέγουσι</em></strong></span> <span class='ocrx_word' id='word_1_157' title='bbox 2056 2417 2270 2505; x_wconf 63' lang='grc' dir='ltr'><strong><em>’δεινή</em></strong></span> <span class='ocrx_word' id='word_1_158' title='bbox 2326 2444 2427 2497; x_wconf 90' lang='grc' dir='ltr'><strong><em>τις</em></strong></span> <span class='ocrx_word' id='word_1_159' title='bbox 2481 2415 2683 2508; x_wconf 80' lang='grc' dir='ltr'><strong><em>ἀνδρὶ</em></strong></span> <span class='ocrx_word' id='word_1_160' title='bbox 2736 2421 2850 2488; x_wconf 83' lang='grc' dir='ltr'><strong><em>καὶ</em></strong></span> 
     </span>
     <span class='ocr_line' id='line_1_21' title="bbox 546 2523 2846 2621; baseline 0 -26"><span class='ocrx_word' id='word_1_161' title='bbox 546 2525 816 2615; x_wconf 75' lang='grc' dir='ltr'><strong><em>γυναικὶ</em></strong></span> <span class='ocrx_word' id='word_1_162' title='bbox 865 2523 1180 2614; x_wconf 83' lang='grc' dir='ltr'><strong><em>συμφορὰ</em></strong></span> <span class='ocrx_word' id='word_1_163' title='bbox 1219 2525 1230 2615; x_wconf 81' lang='grc' dir='ltr'>Ι</span> <span class='ocrx_word' id='word_1_164' title='bbox 1271 2525 1560 2607; x_wconf 86' lang='grc' dir='ltr'><strong><em>δούλους</em></strong></span> <span class='ocrx_word' id='word_1_165' title='bbox 1602 2525 1925 2613; x_wconf 77' lang='grc' dir='ltr'><strong><em>γενέσθαι</em></strong></span> <span class='ocrx_word' id='word_1_166' title='bbox 1971 2523 2293 2605; x_wconf 84' lang='grc' dir='ltr'><strong><em>δεσπότας</em></strong></span> <span class='ocrx_word' id='word_1_167' title='bbox 2336 2551 2407 2595; x_wconf 89' lang='grc' dir='ltr'><strong><em>τε</em></strong></span> <span class='ocrx_word' id='word_1_168' title='bbox 2454 2530 2797 2615; x_wconf 79' lang='grc' dir='ltr'><strong><em>δυσχερεῖς</em></strong></span> <span class='ocrx_word' id='word_1_169' title='bbox 2836 2529 2846 2621; x_wconf 76' lang='grc' dir='ltr'>Ι</span> 
     </span>
     <span class='ocr_line' id='line_1_22' title="bbox 548 2627 2851 2723; baseline 0 -21"><span class='ocrx_word' id='word_1_170' title='bbox 548 2634 823 2719; x_wconf 87' lang='grc' dir='ltr'><strong><em>λαβεῖν.’</em></strong></span> <span class='ocrx_word' id='word_1_171' title='bbox 897 2631 1083 2723; x_wconf 77' lang='grc' dir='ltr'><strong><em>πόσῳ</em></strong></span> <span class='ocrx_word' id='word_1_172' title='bbox 1148 2632 1225 2700; x_wconf 76' lang='grc' dir='ltr'><strong><em>δὲ</em></strong></span> <span class='ocrx_word' id='word_1_173' title='bbox 1280 2630 1665 2721; x_wconf 91' lang='grc' dir='ltr'><strong><em>δεινότερον</em></strong></span> <span class='ocrx_word' id='word_1_174' title='bbox 1730 2640 1959 2701; x_wconf 76' lang='grc' dir='ltr'><strong><em>οἴεσθε</em></strong></span> <span class='ocrx_word' id='word_1_175' title='bbox 2014 2634 2295 2720; x_wconf 84' lang='grc' dir='ltr'><strong><em>πάσχειν</em></strong></span> <span class='ocrx_word' id='word_1_176' title='bbox 2359 2627 2606 2713; x_wconf 76' lang='grc' dir='ltr'><strong><em>αὐτοὺς</em></strong></span> <span class='ocrx_word' id='word_1_177' title='bbox 2658 2629 2851 2702; x_wconf 79' lang='grc' dir='ltr'><strong><em>ἀνεκ-</em></strong></span> 
     </span>
     <span class='ocr_line' id='line_1_23' title="bbox 549 2735 2851 2827; baseline 0 -20"><span class='ocrx_word' id='word_1_178' title='bbox 549 2737 879 2826; x_wconf 85' lang='grc' dir='ltr'><strong><em>φεύκτους</em></strong></span> <span class='ocrx_word' id='word_1_179' title='bbox 916 2735 1472 2827; x_wconf 79' lang='grc' dir='ltr'><strong><em>ἀναποδράστους</em></strong></span> <span class='ocrx_word' id='word_1_180' title='bbox 1516 2736 2051 2819; x_wconf 85' lang='grc' dir='ltr'><strong><em>άνυποστάτους;</em></strong></span> <span class='ocrx_word' id='word_1_181' title='bbox 2096 2741 2340 2807; x_wconf 88' lang='lat' dir='ltr'><strong>Locum</strong></span> <span class='ocrx_word' id='word_1_182' title='bbox 2376 2743 2851 2808; x_wconf 83' lang='lat' dir='ltr'><strong>conclamatum</strong></span> 
     </span>
     <span class='ocr_line' id='line_1_24' title="bbox 548 2842 2857 2937; baseline 0.002 -25"><span class='ocrx_word' id='word_1_183' title='bbox 548 2848 763 2933; x_wconf 85' lang='lat' dir='ltr'><strong>Wytt.</strong></span> <span class='ocrx_word' id='word_1_184' title='bbox 801 2850 1106 2913; x_wconf 84' lang='lat' dir='ltr'><strong>correxit:</strong></span> <span class='ocrx_word' id='word_1_185' title='bbox 1153 2847 1338 2937; x_wconf 73' lang='grc' dir='ltr'><strong><em>πόσῳ</em></strong></span> <span class='ocrx_word' id='word_1_186' title='bbox 1389 2850 1498 2914; x_wconf 88' lang='grc' dir='ltr'><strong><em>δεῖ</em></strong></span> <span class='ocrx_word' id='word_1_187' title='bbox 1537 2845 1925 2933; x_wconf 87' lang='grc' dir='ltr'><strong><em>δεινότερον</em></strong></span> <span class='ocrx_word' id='word_1_188' title='bbox 1970 2853 2237 2913; x_wconf 75' lang='grc' dir='ltr'><strong><em>οἴεσθαι</em></strong></span> <span class='ocrx_word' id='word_1_189' title='bbox 2280 2842 2562 2931; x_wconf 81' lang='grc' dir='ltr'><strong><em>πάσχειν</em></strong></span> <span class='ocrx_word' id='word_1_190' title='bbox 2607 2844 2857 2928; x_wconf 81' lang='grc' dir='ltr'><strong><em>αὑτοὺς</em></strong></span> 
     </span>
     <span class='ocr_line' id='line_1_25' title="bbox 548 2950 2855 3043; baseline 0.001 -24"><span class='ocrx_word' id='word_1_191' title='bbox 548 2950 909 3039; x_wconf 84' lang='grc' dir='ltr'><strong><em>(λαβόντας</em></strong></span> <span class='ocrx_word' id='word_1_192' title='bbox 945 2956 1294 3039; x_wconf 87' lang='grc' dir='ltr'><strong><em>δυστυχεῖς</em></strong></span> <span class='ocrx_word' id='word_1_193' title='bbox 1320 2953 1691 3043; x_wconf 79' lang='grc' dir='ltr'><strong><em>δεσπότας).</em></strong></span> <span class='ocrx_word' id='word_1_194' title='bbox 1746 2955 2075 3021; x_wconf 84' lang='lat' dir='ltr'><strong>Reiskius:</strong></span> <span class='ocrx_word' id='word_1_195' title='bbox 2112 2950 2298 3043; x_wconf 81' lang='grc' dir='ltr'><strong><em>πόσω</em></strong></span> <span class='ocrx_word' id='word_1_196' title='bbox 2329 2951 2403 3019; x_wconf 76' lang='grc' dir='ltr'><strong><em>δὲ</em></strong></span> <span class='ocrx_word' id='word_1_197' title='bbox 2432 2954 2855 3041; x_wconf 82' lang='grc' dir='ltr'><strong><em>δεινοτέρους</em></strong></span> 
     </span>
     <span class='ocr_line' id='line_1_26' title="bbox 552 3055 2851 3151; baseline 0.002 -26"><span class='ocrx_word' id='word_1_198' title='bbox 552 3066 781 3126; x_wconf 78' lang='grc' dir='ltr'><strong><em>οἴεσθε</em></strong></span> <span class='ocrx_word' id='word_1_199' title='bbox 839 3056 1162 3146; x_wconf 83' lang='grc' dir='ltr'><strong><em>ὑπάρχειν</em></strong></span> <span class='ocrx_word' id='word_1_200' title='bbox 1215 3056 1371 3139; x_wconf 83' lang='grc' dir='ltr'><strong><em>τοὺς</em></strong></span> <span class='ocrx_word' id='word_1_201' title='bbox 1433 3055 1926 3145; x_wconf 85' lang='grc' dir='ltr'><strong><em>άνεκφεύκτους</em></strong></span> <span class='ocrx_word' id='word_1_202' title='bbox 1980 3083 2065 3126; x_wconf 88' lang='lat' dir='ltr'><strong><em>sc.</em></strong></span> <span class='ocrx_word' id='word_1_203' title='bbox 2111 3060 2459 3146; x_wconf 84' lang='grc' dir='ltr'><strong><em>δεσπότας,</em></strong></span> <span class='ocrx_word' id='word_1_204' title='bbox 2512 3063 2612 3127; x_wconf 82' lang='lat' dir='ltr'><strong><em>vel</em></strong></span> <span class='ocrx_word' id='word_1_205' title='bbox 2666 3061 2851 3151; x_wconf 80' lang='grc' dir='ltr'><strong><em>πόσῳ</em></strong></span> 
     </span>
     <span class='ocr_line' id='line_1_27' title="bbox 550 3162 2850 3254; baseline 0.001 -20"><span class='ocrx_word' id='word_1_206' title='bbox 550 3164 627 3234; x_wconf 76' lang='grc' dir='ltr'><strong><em>δὲ</em></strong></span> <span class='ocrx_word' id='word_1_207' title='bbox 674 3163 1018 3253; x_wconf 89' lang='grc' dir='ltr'><strong><em>δεινότερα</em></strong></span> <span class='ocrx_word' id='word_1_208' title='bbox 1064 3173 1291 3232; x_wconf 77' lang='grc' dir='ltr'><strong><em>οἴεσθε</em></strong></span> <span class='ocrx_word' id='word_1_209' title='bbox 1335 3166 1615 3253; x_wconf 89' lang='grc' dir='ltr'><strong><em>πάσχειν</em></strong></span> <span class='ocrx_word' id='word_1_210' title='bbox 1657 3162 1815 3245; x_wconf 80' lang='grc' dir='ltr'><strong><em>τοὺς</em></strong></span> <span class='ocrx_word' id='word_1_211' title='bbox 1859 3166 2187 3252; x_wconf 86' lang='grc' dir='ltr'><strong><em>λαβόντας</em></strong></span> <span class='ocrx_word' id='word_1_212' title='bbox 2242 3162 2569 3246; x_wconf 85' lang='grc' dir='ltr'><strong><em>δεσπότας</em></strong></span> <span class='ocrx_word' id='word_1_213' title='bbox 2613 3162 2850 3254; x_wconf 86' lang='grc' dir='ltr'><strong><em>άνεκφ.</em></strong></span> 
     </span>
     <span class='ocr_line' id='line_1_28' title="bbox 549 3262 2858 3361; baseline 0 -20"><span class='ocrx_word' id='word_1_214' title='bbox 549 3274 806 3341; x_wconf 87' lang='lat' dir='ltr'><strong>Hutten</strong></span> <span class='ocrx_word' id='word_1_215' title='bbox 851 3270 1132 3359; x_wconf 88' lang='grc' dir='ltr'><strong><em>πάσχειν</em></strong></span> <span class='ocrx_word' id='word_1_216' title='bbox 1184 3275 1370 3340; x_wconf 89' lang='lat' dir='ltr'><strong>uncis</strong></span> <span class='ocrx_word' id='word_1_217' title='bbox 1417 3274 1698 3340; x_wconf 87' lang='lat' dir='ltr'><strong>inclusit.</strong></span> <span class='ocrx_word' id='word_1_218' title='bbox 1749 3310 1824 3322; x_wconf 92' lang='lat'><strong><em>-—</em></strong></span> <span class='ocrx_word' id='word_1_219' title='bbox 1876 3268 2143 3351; x_wconf 84' lang='grc' dir='ltr'><strong><em>Αύτούς</em></strong></span> <span class='ocrx_word' id='word_1_220' title='bbox 2193 3274 2275 3339; x_wconf 84' lang='lat' dir='ltr'><strong><em>ad</em></strong></span> <span class='ocrx_word' id='word_1_221' title='bbox 2321 3262 2511 3339; x_wconf 80' lang='grc' dir='ltr'><strong><em>οὗτοι</em></strong></span> <span class='ocrx_word' id='word_1_222' title='bbox 2555 3276 2858 3361; x_wconf 84' lang='lat' dir='ltr'><strong>refertur,</strong></span> 
     </span>
     <span class='ocr_line' id='line_1_29' title="bbox 550 3376 2857 3466; baseline 0 -18"><span class='ocrx_word' id='word_1_223' title='bbox 550 3383 748 3449; x_wconf 77' lang='lat' dir='ltr'><strong>verba</strong></span> <span class='ocrx_word' id='word_1_224' title='bbox 793 3385 1012 3448; x_wconf 89' lang='lat' dir='ltr'><strong>tamen</strong></span> <span class='ocrx_word' id='word_1_225' title='bbox 1057 3376 1581 3466; x_wconf 84' lang='grc' dir='ltr'><strong><em>άνεκφεύκτους,</em></strong></span> <span class='ocrx_word' id='word_1_226' title='bbox 1628 3381 1953 3447; x_wconf 87' lang='lat' dir='ltr'><strong>sententia</strong></span> <span class='ocrx_word' id='word_1_227' title='bbox 2002 3380 2358 3465; x_wconf 84' lang='lat' dir='ltr'><strong>flagitante,</strong></span> <span class='ocrx_word' id='word_1_228' title='bbox 2403 3380 2485 3445; x_wconf 88' lang='lat' dir='ltr'><strong><em>ad</em></strong></span> <span class='ocrx_word' id='word_1_229' title='bbox 2529 3378 2857 3461; x_wconf 85' lang='grc' dir='ltr'><strong><em>δεσπότας</em></strong></span> 
     </span>
     <span class='ocr_line' id='line_1_30' title="bbox 551 3481 2854 3575; baseline 0.001 -21"><span class='ocrx_word' id='word_1_230' title='bbox 551 3488 888 3554; x_wconf 83' lang='lat' dir='ltr'><strong>referenda</strong></span> <span class='ocrx_word' id='word_1_231' title='bbox 935 3492 1104 3574; x_wconf 86' lang='lat' dir='ltr'><strong>sunt,</strong></span> <span class='ocrx_word' id='word_1_232' title='bbox 1147 3489 1188 3553; x_wconf 86' lang='lat' dir='ltr'><strong>i.</strong></span> <span class='ocrx_word' id='word_1_233' title='bbox 1230 3510 1282 3553; x_wconf 89' lang='lat' dir='ltr'><strong><em>e.</em></strong></span> <span class='ocrx_word' id='word_1_234' title='bbox 1323 3484 1654 3571; x_wconf 89' lang='grc' dir='ltr'><strong><em>λαβόντας</em></strong></span> <span class='ocrx_word' id='word_1_235' title='bbox 1690 3484 2015 3565; x_wconf 87' lang='grc' dir='ltr'><strong><em>δεσπότας</em></strong></span> <span class='ocrx_word' id='word_1_236' title='bbox 2059 3481 2291 3572; x_wconf 86' lang='grc' dir='ltr'><strong><em>άνεκφ.</em></strong></span> <span class='ocrx_word' id='word_1_237' title='bbox 2328 3483 2418 3553; x_wconf 84' lang='grc' dir='ltr'><strong><em>κὲ.</em></strong></span> <span class='ocrx_word' id='word_1_238' title='bbox 2491 3487 2679 3565; x_wconf 80' lang='lat' dir='ltr'><strong><em>Quod</em></strong></span> <span class='ocrx_word' id='word_1_239' title='bbox 2717 3490 2854 3575; x_wconf 88' lang='lat' dir='ltr'><strong>qui-</strong></span> 
     </span>
     <span class='ocr_line' id='line_1_31' title="bbox 553 3587 2852 3684; baseline 0.002 -25"><span class='ocrx_word' id='word_1_240' title='bbox 553 3596 698 3660; x_wconf 89' lang='lat' dir='ltr'><strong><em>dem</em></strong></span> <span class='ocrx_word' id='word_1_241' title='bbox 744 3595 1162 3660; x_wconf 86' lang='lat' dir='ltr'><strong>durissimum</strong></span> <span class='ocrx_word' id='word_1_242' title='bbox 1209 3599 1324 3661; x_wconf 90' lang='lat' dir='ltr'><strong>est.</strong></span> <span class='ocrx_word' id='word_1_243' title='bbox 1401 3595 1671 3660; x_wconf 76' lang='lat' dir='ltr'><strong>Accedit</strong></span> <span class='ocrx_word' id='word_1_244' title='bbox 1708 3594 1879 3680; x_wconf 87' lang='lat' dir='ltr'><strong>quod</strong></span> <span class='ocrx_word' id='word_1_245' title='bbox 1916 3587 2165 3671; x_wconf 81' lang='grc' dir='ltr'><strong><em>αὐτούς</em></strong></span> <span class='ocrx_word' id='word_1_246' title='bbox 2209 3593 2277 3658; x_wconf 90' lang='lat' dir='ltr'><strong>in</strong></span> <span class='ocrx_word' id='word_1_247' title='bbox 2312 3596 2643 3662; x_wconf 86' lang='lat' dir='ltr'><strong>nonnullis</strong></span> <span class='ocrx_word' id='word_1_248' title='bbox 2683 3598 2852 3684; x_wconf 86' lang='lat' dir='ltr'><strong>opti-</strong></span> 
     </span>
     <span class='ocr_line' id='line_1_32' title="bbox 551 3695 2853 3789; baseline 0.002 -24"><span class='ocrx_word' id='word_1_249' title='bbox 551 3701 678 3765; x_wconf 88' lang='lat' dir='ltr'><strong><em>mis</em></strong></span> <span class='ocrx_word' id='word_1_250' title='bbox 745 3701 923 3767; x_wconf 83' lang='lat' dir='ltr'><strong>codd.</strong></span> <span class='ocrx_word' id='word_1_251' title='bbox 992 3703 1191 3767; x_wconf 85' lang='lat' dir='ltr'><strong>deest.</strong></span> <span class='ocrx_word' id='word_1_252' title='bbox 1282 3700 1584 3768; x_wconf 84' lang='lat' dir='ltr'><strong>Ceterum</strong></span> <span class='ocrx_word' id='word_1_253' title='bbox 1642 3698 1903 3783; x_wconf 87' lang='grc' dir='ltr'><strong><em>δεινόν,</em></strong></span> <span class='ocrx_word' id='word_1_254' title='bbox 1960 3695 2345 3784; x_wconf 87' lang='grc' dir='ltr'><strong><em>δεινότερον</em></strong></span> <span class='ocrx_word' id='word_1_255' title='bbox 2397 3696 2677 3786; x_wconf 86' lang='grc' dir='ltr'><strong><em>πάσχειν</em></strong></span> <span class='ocrx_word' id='word_1_256' title='bbox 2732 3726 2853 3789; x_wconf 85' lang='lat' dir='ltr'><strong>pro</strong></span> 
     </span>
     <span class='ocr_line' id='line_1_33' title="bbox 553 3802 2854 3893; baseline 0.001 -20"><span class='ocrx_word' id='word_1_257' title='bbox 553 3809 795 3875; x_wconf 87' lang='lat' dir='ltr'><strong>usitato</strong></span> <span class='ocrx_word' id='word_1_258' title='bbox 843 3804 1054 3891; x_wconf 89' lang='grc' dir='ltr'><strong><em>δεινά,</em></strong></span> <span class='ocrx_word' id='word_1_259' title='bbox 1106 3804 1452 3893; x_wconf 87' lang='grc' dir='ltr'><strong><em>δεινότερα</em></strong></span> <span class='ocrx_word' id='word_1_260' title='bbox 1495 3803 1809 3891; x_wconf 87' lang='grc' dir='ltr'><strong><em>πάσχειν,</em></strong></span> <span class='ocrx_word' id='word_1_261' title='bbox 1858 3807 1962 3872; x_wconf 84' lang='lat' dir='ltr'><strong><em>vel</em></strong></span> <span class='ocrx_word' id='word_1_262' title='bbox 2011 3802 2242 3872; x_wconf 87' lang='grc' dir='ltr'><strong><em>δεινόν</em></strong></span> <span class='ocrx_word' id='word_1_263' title='bbox 2284 3830 2350 3871; x_wconf 92' lang='grc' dir='ltr'><strong><em>τι</em></strong></span> <span class='ocrx_word' id='word_1_264' title='bbox 2395 3803 2709 3893; x_wconf 87' lang='grc' dir='ltr'><strong><em>πάσχειν,</em></strong></span> <span class='ocrx_word' id='word_1_265' title='bbox 2753 3832 2854 3876; x_wconf 83' lang='lat' dir='ltr'><strong>ra-</strong></span> 
     </span>
     <span class='ocr_line' id='line_1_34' title="bbox 551 3908 2851 4001; baseline 0 -21"><span class='ocrx_word' id='word_1_266' title='bbox 551 3916 879 3980; x_wconf 87' lang='lat' dir='ltr'><strong>rissimum</strong></span> <span class='ocrx_word' id='word_1_267' title='bbox 925 3918 1040 3979; x_wconf 88' lang='lat' dir='ltr'><strong>est.</strong></span> <span class='ocrx_word' id='word_1_268' title='bbox 1131 3913 1434 3980; x_wconf 80' lang='lat' dir='ltr'><strong>Fortasse</strong></span> <span class='ocrx_word' id='word_1_269' title='bbox 1479 3914 1683 4000; x_wconf 88' lang='lat' dir='ltr'><strong>igitur</strong></span> <span class='ocrx_word' id='word_1_270' title='bbox 1736 3913 1977 3998; x_wconf 82' lang='lat' dir='ltr'><strong>corrig:</strong></span> <span class='ocrx_word' id='word_1_271' title='bbox 2024 3908 2211 4000; x_wconf 79' lang='grc' dir='ltr'><strong><em>πόσςο</em></strong></span> <span class='ocrx_word' id='word_1_272' title='bbox 2259 3909 2334 3979; x_wconf 75' lang='grc' dir='ltr'><strong><em>δὲ</em></strong></span> <span class='ocrx_word' id='word_1_273' title='bbox 2382 3910 2708 4001; x_wconf 87' lang='grc' dir='ltr'><strong><em>δεινότερ’</em></strong></span> <span class='ocrx_word' id='word_1_274' title='bbox 2764 3910 2851 3981; x_wconf 76' lang='grc' dir='ltr'><strong><em>ἄν</em></strong></span> 
     </span>
     <span class='ocr_line' id='line_1_35' title="bbox 553 4014 2853 4105; baseline 0 -17"><span class='ocrx_word' id='word_1_275' title='bbox 553 4028 780 4088; x_wconf 77' lang='grc' dir='ltr'><strong><em>οἴεσθε</em></strong></span> <span class='ocrx_word' id='word_1_276' title='bbox 823 4017 1134 4105; x_wconf 85' lang='grc' dir='ltr'><strong><em>πάσχειν,</em></strong></span> <span class='ocrx_word' id='word_1_277' title='bbox 1181 4014 1268 4087; x_wconf 77' lang='grc' dir='ltr'><strong><em>ἂν</em></strong></span> <span class='ocrx_word' id='word_1_278' title='bbox 1321 4017 1478 4099; x_wconf 81' lang='grc' dir='ltr'><strong><em>τοὺς</em></strong></span> <span class='ocrx_word' id='word_1_279' title='bbox 1523 4015 2015 4105; x_wconf 81' lang='grc' dir='ltr'><strong><em>άνεκφεύκτους</em></strong></span> <span class='ocrx_word' id='word_1_280' title='bbox 2058 4017 2147 4085; x_wconf 84' lang='grc' dir='ltr'><strong><em>κὲ.</em></strong></span> <span class='ocrx_word' id='word_1_281' title='bbox 2222 4042 2307 4085; x_wconf 87' lang='lat' dir='ltr'><strong><em>sc.</em></strong></span> <span class='ocrx_word' id='word_1_282' title='bbox 2367 4017 2695 4098; x_wconf 88' lang='grc' dir='ltr'><strong><em>δεσπότας</em></strong></span> <span class='ocrx_word' id='word_1_283' title='bbox 2741 4018 2853 4088; x_wconf 90' lang='grc' dir='ltr'><strong><em>λά-</em></strong></span> 
     </span>
     <span class='ocr_line' id='line_1_36' title="bbox 551 4123 2847 4214; baseline -0 -20"><span class='ocrx_word' id='word_1_284' title='bbox 551 4132 738 4213; x_wconf 90' lang='grc' dir='ltr'><strong><em>βωσι.</em></strong></span> <span class='ocrx_word' id='word_1_285' title='bbox 819 4127 944 4194; x_wconf 83' lang='lat' dir='ltr'><strong><em>Vel</em></strong></span> <span class='ocrx_word' id='word_1_286' title='bbox 991 4124 1078 4194; x_wconf 74' lang='grc' dir='ltr'><strong><em>ἄν</em></strong></span> <span class='ocrx_word' id='word_1_287' title='bbox 1123 4123 1614 4214; x_wconf 84' lang='grc' dir='ltr'><strong><em>άνεκφεύκτους</em></strong></span> <span class='ocrx_word' id='word_1_288' title='bbox 1668 4124 1755 4193; x_wconf 79' lang='grc' dir='ltr'><strong><em>κὲ.</em></strong></span> <span class='ocrx_word' id='word_1_289' title='bbox 1841 4125 2083 4193; x_wconf 82' lang='lat' dir='ltr'><strong>Graece</strong></span> <span class='ocrx_word' id='word_1_290' title='bbox 2130 4128 2256 4193; x_wconf 88' lang='lat' dir='ltr'><strong>dici</strong></span> <span class='ocrx_word' id='word_1_291' title='bbox 2308 4131 2557 4211; x_wconf 85' lang='lat' dir='ltr'><strong>potest:</strong></span> <span class='ocrx_word' id='word_1_292' title='bbox 2615 4123 2847 4194; x_wconf 87' lang='grc' dir='ltr'><strong><em>δεινὸν</em></strong></span> 
     </span>
     <span class='ocr_line' id='line_1_37' title="bbox 557 4226 2852 4321; baseline -0 -21"><span class='ocrx_word' id='word_1_293' title='bbox 557 4236 742 4300; x_wconf 81' lang='grc' dir='ltr'><strong><em>ἔσται</em></strong></span> <span class='ocrx_word' id='word_1_294' title='bbox 788 4226 885 4319; x_wconf 79' lang='grc' dir='ltr'><strong><em>ἢν</em></strong></span> <span class='ocrx_word' id='word_1_295' title='bbox 933 4235 1354 4321; x_wconf 86' lang='grc' dir='ltr'><strong><em>δυστυχεῖς</em></strong></span> <span class='ocrx_word' id='word_1_296' title='bbox 1399 4231 1787 4311; x_wconf 86' lang='grc' dir='ltr'><strong><em>δεσπότας</em></strong></span> <span class='ocrx_word' id='word_1_297' title='bbox 1831 4230 2041 4317; x_wconf 84' lang='grc' dir='ltr'><strong><em>λάβω</em></strong></span> <span class='ocrx_word' id='word_1_298' title='bbox 2088 4232 2219 4321; x_wconf 84' lang='lat' dir='ltr'><strong>(vel</strong></span> <span class='ocrx_word' id='word_1_299' title='bbox 2274 4234 2457 4301; x_wconf 87' lang='grc' dir='ltr'><strong><em>δυστ.</em></strong></span> <span class='ocrx_word' id='word_1_300' title='bbox 2514 4235 2697 4300; x_wconf 89' lang='grc' dir='ltr'><strong><em>δεσπ.</em></strong></span> <span class='ocrx_word' id='word_1_301' title='bbox 2743 4239 2852 4300; x_wconf 89' lang='grc' dir='ltr'><strong><em>λα-</em></strong></span> 
     </span>
     <span class='ocr_line' id='line_1_38' title="bbox 552 4335 2726 4430; baseline -0 -22"><span class='ocrx_word' id='word_1_302' title='bbox 552 4340 750 4430; x_wconf 89' lang='grc' dir='ltr'><strong><em>βεῖν),</em></strong></span> <span class='ocrx_word' id='word_1_303' title='bbox 798 4337 1182 4428; x_wconf 86' lang='grc' dir='ltr'><strong><em>δεινότερον</em></strong></span> <span class='ocrx_word' id='word_1_304' title='bbox 1230 4340 1305 4408; x_wconf 76' lang='grc' dir='ltr'><strong><em>δὲ</em></strong></span> <span class='ocrx_word' id='word_1_305' title='bbox 1349 4335 1438 4428; x_wconf 82' lang='grc' dir='ltr'><strong><em>ἢν</em></strong></span> <span class='ocrx_word' id='word_1_306' title='bbox 1483 4336 1975 4426; x_wconf 82' lang='grc' dir='ltr'><strong><em>άνεκφεύκτους</em></strong></span> <span class='ocrx_word' id='word_1_307' title='bbox 2022 4363 2108 4409; x_wconf 88' lang='lat' dir='ltr'><strong><em>sc.</em></strong></span> <span class='ocrx_word' id='word_1_308' title='bbox 2155 4337 2480 4419; x_wconf 89' lang='grc' dir='ltr'><strong><em>δεσπότας</em></strong></span> <span class='ocrx_word' id='word_1_309' title='bbox 2524 4336 2726 4424; x_wconf 85' lang='grc' dir='ltr'><strong><em>λάβω.</em></strong></span> 
     </span>
    </p>

    <p class='ocr_par' dir='ltr' id='par_1_7' title="bbox 730 4442 2850 4537">
     <span class='ocr_line' id='line_1_39' title="bbox 730 4442 2850 4537; baseline -0 -22"><span class='ocrx_word' id='word_1_310' title='bbox 730 4449 977 4515; x_wconf 86' lang='lat' dir='ltr'><strong>Eodem</strong></span> <span class='ocrx_word' id='word_1_311' title='bbox 1043 4470 1182 4536; x_wconf 85' lang='lat' dir='ltr'><strong>cap.</strong></span> <span class='ocrx_word' id='word_1_312' title='bbox 1229 4453 1386 4515; x_wconf 87' lang='lat' dir='ltr'><strong>extr.</strong></span> <span class='ocrx_word' id='word_1_313' title='bbox 1440 4451 1745 4537; x_wconf 85' lang='lat' dir='ltr'><strong>leguntur</strong></span> <span class='ocrx_word' id='word_1_314' title='bbox 1796 4449 1984 4515; x_wconf 84' lang='lat' dir='ltr'><strong>haec:</strong></span> <span class='ocrx_word' id='word_1_315' title='bbox 2048 4443 2261 4525; x_wconf 78' lang='grc' dir='ltr'><strong><em>οὕτως</em></strong></span> <span class='ocrx_word' id='word_1_316' title='bbox 2324 4442 2366 4533; x_wconf 75' lang='grc' dir='ltr'><em>ἡ</em></span> <span class='ocrx_word' id='word_1_317' title='bbox 2420 4448 2850 4533; x_wconf 77' lang='grc' dir='ltr'><strong><em>κακοδαίμων</em></strong></span> 
     </span>
    </p>
   </div>
   <div class='ocr_carea' id='block_1_4' title="bbox 3160 0 3185 396">
    <p class='ocr_par' dir='ltr' id='par_1_8' title="bbox 3160 0 3185 396">
     <span class='ocr_line' id='line_1_40' title="bbox 3160 0 3185 396; textangle 90"><span class='ocrx_word' id='word_1_318' title='bbox 3182 295 3184 396; x_wconf 75' lang='grc'><strong><em>-,-</em></strong></span> <span class='ocrx_word' id='word_1_319' title='bbox 3160 0 3185 128; x_wconf 75' lang='lat'><strong><em>...-</em></strong></span> 
     </span>
    </p>
   </div>
  </div>
 </body>
</html>
