3200 5175
1543 316 1979 381 —53-..

611 494 786 561 festo
847 494 1225 580 Epicharmi
1287 495 1677 559 sententiam
1743 494 2143 559 confirma-nt.
2232 492 2399 557 Mihi
2458 489 2907 576 corrigendum

611 602 894 668 videtur:
938 596 1165 686 ἡμῶν
1208 600 1354 685 γάρ,
1399 595 1491 677 ῶς
1526 616 1738 685 φησιν
1776 594 2000 685 Ἐπίχ.,
2044 600 2211 675 νοῦς
2254 592 2381 685 ὁρῇ
2424 602 2561 664 κτλ.
2606 601 2685 662 ut
2716 591 2905 681 ἡμῶν

610 707 876 797 (nostri)
923 714 1120 787 totum
1165 708 1502 793 significet,
1548 708 1731 772 euius
1778 710 1997 791 partes
2041 707 2207 783 νοῦς
2251 709 2319 770 et
2361 694 2571 772 τάλλα
2614 704 2767 770 sint.

789 814 860 882 C.
907 816 948 882 6
996 812 1085 900 (p.
1142 816 1272 881 338
1303 812 1395 902 e):
1455 809 1948 880 ἀποθανοῦσαν
1994 811 2070 879 δὲ
2124 809 2301 879 οὕτω
2346 812 2707 896 βασιλικῶς
2769 806 2908 877 έκό-

611 939 820 1008 σμησε
865 960 985 1004 -,
1031 915 1189 987 ὥστ’
1240 916 1523 986 ἄπιστον
1579 915 1795 987 αὐτοῦ
1846 916 1922 988 τὸ
1971 921 2251 1006 σῶφρον
2300 956 2377 967 -—
2426 917 2746 1003 γενέσθαι
2801 915 2909 984 καὶ

609 1031 843 1112 λαβεῖν
881 1023 1145 1105 ἀδικίας
1181 1030 1472 1113 ἔγκλημα
1507 1023 1637 1111 τὴν
1670 1024 2101 1113 χρηστότητα.
2174 1032 2464 1111 Δαρεῖος
2498 1021 2627 1109 γὰρ
2666 1020 2911 1101 οὕτως

608 1131 894 1219 ἐκινήθη
946 1131 1114 1220 πρὸς
1176 1130 1303 1219 τὴν
1375 1134 1687 1213 ἐξουσίαν
1750 1129 1961 1201 αὐτοῦ
2034 1132 2147 1199 καὶ
2209 1129 2335 1217 τὴν
2399 1127 2683 1217 ἡλικίαν.
2782 1132 2907 1197 Pro

613 1237 825 1319 οὕτως
859 1242 1226 1328 Madvigius
1265 1242 1568 1308 eonieeit:
1614 1235 1921 1327 ἀπίστως,
1956 1240 2458 1306 Herwerdenus:
2494 1235 2583 1305 οὐ
2616 1242 2907 1324 μετρίως.

609 1346 936 1416 Neutrum
986 1349 1212 1434 probo.
1297 1343 1527 1425 Οὕτως
1581 1348 1758 1413 enim
1818 1348 1899 1413 ad
1952 1368 2335 1433 praegressa
2389 1347 2689 1412 refertur:
2750 1339 2903 1411 ὥστ’

609 1451 895 1524 ἄπιστον
954 1494 1030 1503 —-
1089 1450 1214 1539 τὴν
1269 1450 1699 1541 χρηστότητα.
1788 1454 1915 1521 Hie
1968 1455 2172 1540 igitur
2234 1454 2409 1519 idem
2459 1454 2637 1520 valet
2690 1457 2907 1537 atque:

617 1558 846 1649 οὕτως,
890 1559 1112 1650 ῶσπερ
1158 1568 1445 1648 εἴρηται,
1499 1557 1717 1647 ἤγουν
1768 1556 2061 1638 ἀπίστως
2112 1557 2227 1625 καὶ
2278 1554 2589 1637 ὑπόπτως
2642 1557 2909 1643 διετέθη

611 1665 1008 1754 ἀποβλέπων
1052 1665 1219 1755 πρὸς
1262 1664 1388 1754 τὴν
1438 1708 1514 1717 -
1565 1664 1835 1754 ἡλικίαν
1879 1662 2109 1737 αὐτοῦ.

791 1775 862 1842 C.
910 1778 947 1841 7
1006 1776 1096 1861 (p.
1143 1777 1278 1842 339
1305 1775 1397 1864 e):
1458 1775 1570 1843 καὶ
1625 1772 1761 1863 μὴν
1814 1775 1926 1842 καὶ
1972 1773 2290 1855 ’Φιλώτας
2344 1772 2381 1842 ὁ
2429 1776 2913 1861 Παρμενίωνος

610 1880 907 1969 τρόπον
951 1878 1131 1948 τινά
1176 1884 1313 1949 τῶν
1357 1884 1583 1949 κακῶν
1620 1886 1768 1967 ἔσχε
1811 1879 1936 1968 τὴν
1982 1878 2329 1969 ἀκρασίαν.
2400 1883 2505 1949 Ita
2548 1882 2812 1967 plurimi
2848 1884 2912 1945 et

614 1990 846 2075 optimi
899 1989 1079 2055 codd.
1161 1988 1404 2055 Ceteri:
1462 1987 1687 2079 τρόπω
1744 1994 1897 2057 τινί.
1980 1991 2281 2057 Reiskius
2346 1990 2633 2075 supplet:
2690 1989 2909 2054 αἰτίαν

611 2092 866 2183 τρόπον
899 2092 1070 2163 τινά.
1142 2095 1524 2163 Duebnerus
1561 2120 1641 2162 ex
1678 2120 1798 2163 sua
1834 2099 2205 2163 coniectura
2231 2097 2436 2163 dedit:
2470 2092 2723 2183 τρόπον
2759 2090 2907 2160 τινὰ

611 2205 750 2270 τῶν
791 2228 849 2269 κ.
887 2206 935 2268 ἔ.
973 2199 1097 2288 τὴν
1132 2197 1460 2288 ἀκρασίαν
1501 2205 1798 2287 [αἰτίαν].
1873 2203 2191 2271 Cobetus:
2240 2200 2463 2293 τρόπῳ
2498 2200 2635 2270 τινὶ
2670 2205 2907 2268 αἰτίαν.

613 2309 902 2389 Quorum
945 2310 1109 2377 nihil
1154 2332 1380 2377 verum
1429 2314 1558 2396 est3
1611 2308 1866 2397 τρόπον
1919 2306 2077 2377 τινά
2134 2312 2307 2377 enim
2340 2322 2909 2395 ‘supervacaneum

617 2422 806 2485 esset.
886 2417 1138 2483 Vitium
1185 2418 1256 2482 in
1301 2418 1499 2485 verbo
1544 2416 1799 2504 τρόπον
1844 2420 2047 2485 latere
2092 2419 2286 2484 facile
2332 2440 2411 2483 ex
2470 2417 2908 2483 additamento

611 2522 764 2592 τινά
809 2525 1242 2612 intellegitur3
1289 2525 1587 2612 idemque
1637 2526 1793 2592 satis
1839 2526 2101 2610 indicat,
2137 2526 2403 2592 verbum
2446 2524 2617 2612 quod
2662 2524 2909 2610 quaeri-

613 2636 722 2697 tur
782 2632 1100 2696 translate
1164 2631 1411 2698 dietum
1476 2636 1801 2716 oportere3
1876 2632 1934 2698 si
1988 2655 2086 2698 ex.
2146 2655 2198 2698 e.
2263 2655 2382 2718 pro
2454 2629 2709 2718 τρόπον
2772 2634 2911 2696 erat

617 2740 864 2820 αἰτίαν,
908 2734 1060 2803 τινά
1109 2738 1460 2804 absurdum
1499 2744 1715 2806 esset..
1774 2738 1945 2817 Quid
1982 2739 2215 2824 plura?
2287 2737 2437 2806 Una
2471 2739 2735 2804 literula
2776 2760 2909 2802 mu-

620 2848 763 2910 tata
809 2845 1044 2910 scribe:
1088 2840 1394 2930 τροφόν
1421 2868 1590 2912 τινα
1626 2846 1765 2912 τῶν
1798 2845 2025 2912 κακῶν
2072 2849 2219 2931 ἔσχε
2253 2842 2379 2930 την
2412 2840 2760 2930 ἀκρασίαν.
2824 2843 2911 2910 Ut

616 2951 850 3018 dieitur
885 2949 1158 3036 τρέφειν
1193 2948 1424 3035 κακόν,
1459 2950 1735 3037 τρέφειν
1770 2949 2058 3038 νόσημα,
2101 2947 2390 3038 τροφεὺς
2424 2949 2640 3037 πάσης
2682 2953 2913 3026 κακίας

619 3054 836 3142 (Plato
882 3081 946 3142 p.
992 3057 1124 3122 580
1153 3057 1239 3143 a),
1283 3059 1378 3124 ita
1423 3059 1622 3124 etiam
1667 3055 1919 3143 τροφός
1960 3059 2184 3126 κακῶν
2230 3059 2358 3125 diei
2401 3062 2679 3144 poterat.

795 3161 865 3228 O.
921 3164 961 3230 8
1029 3160 1119 3250 (p.
1184 3165 1317 3229 340
1345 3162 1437 3251 e):
1501 3163 1795 3231 ἐκαλεῖτο
1857 3159 1919 3230 δ’
1990 3161 2123 3251 ἄρα
2183 3160 2565 3250 Ἁλύνομος.
2653 3164 2911 3230 Primus

617 3269 1042 3336 Ruhnkenius
1089 3270 1172 3335 ad
1201 3269 1456 3336 Pollue.
1503 3269 1621 3356 VI,
1670 3272 1798 3338 105
1845 3294 2031 3337 verae
2078 3273 2437 3357 scripturae
2481 3270 2907 3336 inveniendae

617 3378 1011 3444 oeeasisoem
1082 3377 1286 3463 dedit,
1351 3378 1490 3463 ipse
1565 3379 1895 3465 corrigens
1955 3373 2469 3464 Ἀρδαλόνυμος.
2561 3377 2769 3462 Wytt.
2830 3377 2911 3444 ad

615 3484 971 3550 Diodorum
1012 3484 1339 3572 delegavit
1381 3485 1498 3550 ubi
1544 3507 1698 3550 vera
1744 3486 2065 3570 scriptura
2102 3479 2615 3569 Ἀβδαλώνυμος
2654 3485 2909 3570 legitur.

490 3589 502 3603 ’
794 3587 862 3654 Ο.
907 3589 948 3654 9
997 3587 1089 3676 (p.
1133 3589 1261 3655 341
1298 3587 1390 3677 e):
1437 3588 1512 3656 έν
1557 3594 1868 3668 Μαλλοῖς
1918 3587 2267 3675 τοξεύματι
2318 3589 2583 3676 διπήχει
2627 3585 2743 3655 διὰ
2788 3590 2911 3656 τοῦ

615 3690 927 3780 θώρακος
984 3697 1079 3771 εἰς
1130 3691 1206 3761 τὸ
1268 3697 1521 3779 στῆθος
1572 3691 1912 3774 ὑπελάσας
1964 3699 2186 3782 ἔλαβε,
2211 3695 2375 3764 κατὰ
2437 3698 2563 3764 τοῦ
2616 3692 2910 3782 αὐχένος.

616 3799 718 3866 Ita
762 3799 974 3885 Wytt.
1021 3802 1222 3867 edidit
1267 3803 1406 3869 sine
1451 3803 1722 3870 lacunae
1778 3804 2013 3890 signis,
2058 3827 2371 3891 quaerens
2428 3827 2513 3872 an
2564 3799 2789 3892 ὑπέρῳ
2836 3800 2909 3869 δὲ

615 3908 832 3993 πληγῇ
886 3931 1005 3992 pro
1051 3903 1386 3987 ὑπελάσας
1441 3911 1637 3992 ἔλαβε
1700 3911 2219 3978 substituendum
2266 3916 2454 3978 esset.
2525 3911 2907 3978 Duebnerus

619 4013 960 4082 asteriscos
996 4018 1150 4101 post
1184 4017 1440 4100 στῆθος
1473 4018 1715 4102 posuit,
1761 4040 1906 4084 eum
1941 4023 2095 4104 post
2128 4014 2462 4095 ὑπελάσας
2498 4019 2906 4103 oportuisset.

618 4122 796 4200 Quae
834 4123 1155 4189 sententia
1192 4125 1583 4211 requiratur,
1623 4126 1909 4192 ostendit
1943 4149 2006 4210 p.
2043 4126 2171 4190 327
2202 4127 2245 4190 b
2288 4123 2375 4212 (v.
2416 4122 2666 4210 supra):
2713 4123 2791 4202 ,έν
2836 4120 2907 4190 δὲ

617 4232 925 4306 Μαλλοῖς
986 4230 1163 4314 βέλει
1227 4227 1353 4315 μὲν
1409 4226 1540 4297 ἀπὸ
1595 4229 1797 4310 τόξου
1852 4234 1945 4309 εἰς
1996 4227 2073 4296 τὸ
2126 4231 2407 4317 στέρνον
2461 4230 2909 4318 ἐνερεισθέντι

617 4333 728 4400 καὶ
772 4332 1310 4401 καταδύσαντι
1354 4331 1476 4402 τὸν
1523 4339 1836 4423 σίδηρον,
1881 4333 2138 4424 ὑπέρον
2185 4335 2260 4402 δὲ
2304 4336 2523 4423 πληγῇ
2566 4332 2745 4419 παρὰ
2790 4333 2910 4402 τὸν

617 4437 965 4527 τράχηλον.
1055 4440 1385 4508 Incertum
1457 4465 1641 4528 vero,
1716 4445 1951 4528 quibus
2018 4445 2232 4510 verbis
2298 4443 2728 4529 supplendum
2810 4444 2909 4510 sit.
