3200 5175
1557 316 1998 383 -42-

624 496 1105 581 Κορδυλίωναε
1179 496 1651 563 Κονδυλίωνα.
1749 494 1931 562 Alex.
1987 498 2027 562 8
2100 493 2479 582 Δάνὸαμιςε
2553 495 2980 587 Δάρδαμις.

625 602 842 669 Lucul.
891 604 932 669 6
989 603 1427 687 Δανδαρίωνε
1483 604 1915 688 Δαρδαρίων.
1999 602 2179 670 Alibi
2234 600 2556 690 γναφεύςε
2609 605 2976 694 γραφεύς.

627 714 692 778 et
736 711 944 776 multa
990 710 1136 775 alia.
1215 710 1550 775 Interdum
1608 712 1828 775 tamen
1881 710 2080 775 etiam
2122 712 2175 777 Λ
2224 707 2355 797 (vel
2404 708 2482 799 Α)
2533 717 2599 779 et
2654 716 2715 780 Ρ
2782 716 2979 780 inter

625 842 694 885 se
740 817 1240 884 confunduntur.
1314 817 1392 883 cf.
1441 816 1667 901 Pomp.
1714 817 1755 882 9
1803 813 2152 902 Σκαύρουτ
2207 813 2545 903 Σκαύλου.
2617 844 2682 906 p.
2744 823 2905 889 212
2938 845 2976 888 ο

623 921 893 1010 Κρέωνε
941 922 1196 990 Κλέων.
1253 946 1314 1009 p.
1370 923 1500 989 170
1528 922 1569 987 d
1614 919 2017 1008 πιμπράναιε
2052 919 2440 1007 πιμπλάναι.
2484 949 2547 1011 p.
2596 928 2739 993 726
2782 951 2832 993 a
2884 950 2971 993 ex

625 1030 944 1115 scriptura
970 1032 1236 1097 vitiosa:
1272 1028 1384 1095 καὶ
1420 1025 1566 1114 γὰρ
1595 1026 1902 1097 Βάττου
1940 1026 2120 1116 παρὰ
2147 1033 2443 1117 Καίσαρι
2471 1034 2972 1117 γελωτοποιοῦ

623 1137 992 1224 Madvigius
1035 1141 1222 1203 acute
1252 1138 1498 1203 elicuit:
1543 1136 1657 1203 καὶ
1684 1135 1950 1221 Γάλβα
1976 1138 2102 1204 τοῦ
2126 1159 2235 1203 πα.
2266 1142 2347 1203 Κ.
2376 1143 2605 1221 γελωτ.
2650 1140 2741 1207 cf.
2778 1164 2969 1227 quae

627 1245 710 1311 ad
775 1268 912 1330 cap.
971 1245 1056 1311 75
1110 1244 1426 1311 Alexand.
1483 1245 1809 1312 annotavi.
1911 1244 2039 1311 Hic
2093 1246 2317 1311 literae
2370 1248 2423 1313 Λ
2480 1244 2611 1334 (vel
2668 1246 2765 1335 Α)
2828 1249 2972 1315 for-

626 1354 805 1418 main
850 1352 1080 1418 fuisse:
1128 1349 1219 1419 lb
1267 1355 1444 1437 puto.
1525 1351 1651 1417 Hic
1702 1352 1836 1417 illic
1880 1355 2102 1417 tamen
2148 1353 2346 1417 etiam
2389 1354 2650 1420 literam
2689 1358 2771 1423 Μ
2824 1353 2971 1442 (vel

623 1459 754 1546 ΛΛ)
801 1460 975 1525 idem
1031 1460 1248 1525 valere
1305 1481 1380 1526 ac
1441 1461 1512 1526 ΝΙ
1570 1460 1676 1524 vel
1733 1461 1798 1525 ΡΙ
1858 1462 2116 1543 praeter
2169 1461 2534 1545 exemplum
2589 1462 2630 1526 1.
2678 1484 2718 1527 e
2794 1483 2965 1548 pag.

625 1565 750 1632 551
785 1589 820 1632 c
875 1569 1155 1633 alterum
1211 1589 1245 1632 e
1297 1566 1733 1652 Xenophonte
1788 1570 2119 1651 sumptum
2175 1566 2547 1634 declarabit.
2628 1570 2709 1637 In
2770 1570 2962 1637 libro

625 1674 736 1759 qui
773 1668 1005 1758 Ἱέρων
1048 1674 1426 1740 inscribitur
1471 1696 1609 1757 cap.
1657 1672 1839 1759 VHI,
1882 1676 1923 1755 ἓ
1976 1673 2057 1737 10
2115 1674 2314 1739 verba
2360 1667 2445 1739 οὐ
2499 1670 2627 1761 γὰρ
2685 1673 2958 1763 τυράν-

624 1804 770 1857 νοις
833 1782 1176 1865 ἰσοτίμους
1229 1782 1408 1847 ulcus
1470 1780 1837 1847 insanabile
1894 1781 2064 1845 alere
2111 1778 2392 1846 Cobetus
2440 1781 2616 1848 dicit.
2680 1783 2957 1851 Contra

625 1891 780 1972 est3·
807 1889 1020 1954 scriba
1067 1888 1238 1973 quod
1284 1891 1425 1953 erat
1477 1887 1548 1952 in
1593 1888 1811 1953 codice
1858 1888 2103 1954 CO'ssM
2124 1936 2139 1952 .
2162 1887 2206 1952 C
2264 1887 2621 1972 supplendo
2668 1893 2743 1955 et
2806 1912 2953 1956 cor-

623 1996 892 2081 rigendo
922 1995 1393 2082 pessumdedit3
1433 1994 1715 2061 scribere
1744 1996 2080 2061 debuerat:
2110 1991 2616 2083 (ωΤΗΡΙ(Α)(,
2652 1997 2949 2063 Οε-ω,

627 2105 676 2169 Η
710 2134 794 2157 --
826 2106 861 2169 Ι.
906 2102 1073 2169 Vide
1100 2124 1273 2168 nunc
1311 2125 1507 2187 quam
1551 2103 1717 2167 bene
1764 2106 1830 2167 et
1867 2102 2074 2167 oratio
2123 2101 2431 2185 procedat
2466 2104 2532 2167 et
2578 2103 2951 2169 sententia:

625 2204 708 2273 οὐ
752 2206 880 2296 γὰρ
925 2206 1286 2295 τυράννοις
1320 2212 1677 2294 σωτηρίας,
1722 2202 1891 2275 ἀλλὰ
1929 2206 2313 2287 πλεονεξίας
2349 2206 2542 2274 ἕνεκα
2578 2213 2947 2295 νομίζουσι

622 2312 903 2393 τούτους
947 2313 1063 2403 (sc.
1109 2312 1267 2394 τοὺς
1311 2313 1815 2405 μισθοφόρους)
1860 2316 2249 2402 τρέφεσθαι.

804 2422 943 2488 Iam
1000 2424 1335 2490 literarum
1382 2426 1433 2491 Τ
1487 2428 1551 2489 et
1597 2426 1638 2491 Γ
1683 2424 2235 2510 permutationem
2282 2423 2669 2508 quibusdam
2714 2446 2942 2491 exem-

623 2530 750 2616 plis
815 2530 1142 2596 illustrare
1215 2532 1373 2598 satis
1448 2534 1564 2599 est.
1654 2531 1733 2597 In
1797 2529 2045 2597 Galbae
2098 2528 2187 2595 25
2262 2529 2418 2595 olim
2480 2531 2662 2597 nullo
2730 2553 2944 2599 sensu

625 2637 738 2702 sed
799 2660 878 2702 ex
922 2636 1120 2703 Godd.
1181 2639 1565 2704 auctoritate
1624 2639 1962 2724 legebatur
2021 2637 2388 2714 δυσπαθῶς
2444 2635 2556 2703 καὶ
2602 2633 2939 2723 ἀγεννῶς,

627 2744 828 2810 donec
852 2743 1397 2830 wyttenbachius
1436 2741 1734 2822 ἀτενῶς
1768 2767 1887 2830 pro
1918 2739 2171 2829 ἀγενῶς
2198 2743 2504 2810 restituit.
2551 2745 2628 2812 cf.
2658 2770 2718 2830 Ρ.
2749 2748 2849 2813 44
2868 2769 2937 2812 a:

623 2846 658 2917 ὁ
724 2849 892 2938 πρὸς
947 2853 1084 2919 πᾶν
1130 2847 1440 2936 ἄτεγκτος
1483 2850 1594 2918 καὶ
1642 2847 1895 2937 ἀτενής.
1986 2851 2057 2918 Ρ.
2104 2852 2236 2917 552
2282 2874 2323 2917 a
2364 2873 2485 2935 pro
2531 2852 2934 2937 πολυγέλων

626 2956 910 3024 Cobetus
959 2960 1221 3044 scripsit
1265 2959 1669 3028 πολυτελῶν.
1742 2959 1895 3045 Pag.
1936 2957 2068 3024 565
2097 2959 2130 3023 f
2168 2980 2286 3044 pro
2334 2957 2513 3024 codd.
2561 2957 2929 3026 ἐπιτείνου-

559 3109 570 3116 ⁷
622 3080 752 3130 σαν
799 3065 958 3132 Mez.
1005 3066 1184 3131 dedit
1229 3065 1334 3132 ἐπὶ
1381 3069 1512 3151 γῆν
1558 3056 1792 3132 οὖσαν.
1876 3065 2115 3132 Caesar
2160 3066 2246 3131 22
2302 3061 2659 3142 Τανύσιοςε
2704 3061 2930 3133 Γανύ-

622 3188 785 3249 σιος.
867 3170 1178 3238 Similiter
1222 3174 1412 3239 multi
1459 3173 1571 3238 alii
1617 3173 1743 3239 loci
1790 3172 2111 3239 emendati
2168 3174 2321 3238 sunt
2366 3173 2483 3237 aut
2518 3172 2929 3240 emendandi.

621 3278 912 3345 Eandem
984 3280 1122 3345 fere
1186 3280 1574 3347 medicinam
1637 3281 1817 3346 locus
1880 3279 2391 3366 Xenophonteus
2457 3278 2785 3346 desiderat
2854 3279 2927 3344 in

620 3386 780 3471 Rep.
824 3384 1206 3452 Atheniens.
1253 3409 1303 3453 c.
1351 3386 1402 3473 1,
1447 3389 1488 3468 ἓ
1535 3387 1604 3452 2:
1659 3385 1771 3453 καὶ
1827 3382 1953 3472 γὰρ
1990 3388 2075 3452 οἱ
2112 3385 2510 3471 κυβερνῆται
2555 3383 2667 3452 καὶ
2714 3387 2789 3453 οἱ
2828 3407 2926 3452 κε-

620 3491 888 3558 λευσταὶ
943 3491 1054 3558 καὶ
1111 3493 1181 3558 οἰ
1229 3493 1791 3580 πεντηκόνταρχοι
1836 3492 1947 3559 καὶ
1995 3494 2068 3558 οἰ
2104 3493 2449 3580 πρῳρᾶται
2492 3489 2606 3558 καὶ
2652 3493 2724 3559 oc
2764 3516 2925 3559 ναυ-

620 3602 852 3685 πηγοί,
916 3589 1111 3667 οὗτοί
1166 3602 1339 3666 εἰσιν
1401 3601 1475 3667 οἰ
1524 3597 1650 3686 τὴν
1712 3598 2005 3686 δύναμιν
2069 3595 2521 3685 περιτιθέντες
2584 3599 2664 3686 τῇ
2730 3596 2923 3668 πόλει

621 3703 797 3773 πολὺ
847 3708 1105 3792 μᾶλλον
1151 3702 1192 3793 ἢ
1243 3709 1311 3774 οἱ
1355 3704 1673 3775 ὁπλῖται
1727 3705 1840 3773 καὶ
1896 3709 1968 3774 οἱ
2015 3716 2316 3791 γενναῖοι
2362 3702 2474 3770 καὶ
2520 3707 2593 3772 οἱ
2631 3705 2922 3791 χρηστοί.

623 3812 792 3890 Quid
857 3813 983 3878 sibi
1039 3815 1310 3884 verbum
1370 3810 1690 3882 ὁπλῖται
1749 3815 1908 3880 velit
1966 3813 2243 3900 intelligi
2296 3813 2541 3898 nequit.
2634 3811 2915 3879 Cobetus

621 3921 964 4005 proposuit
1021 3923 1093 3987 οἱ
1151 3920 1508 4014 πλούσιοι,
1560 3923 1658 3988 ‘ut
1706 3920 1948 4007 singuli
2013 3920 2287 4007 singulis
2352 3919 2789 4004 respondeant
2852 3916 2923 3983 οἱ

622 4022 936 4094 πλούσιοι
980 4040 1121 4107 τοῖς
1165 4028 1469 4115 πένησιν,
1517 4029 1585 4094 οἱ
1627 4035 1931 4112 γενναῖοι
1976 4037 2117 4105 τοῖς
2162 4023 2499 4112 δημόταις,
2544 4028 2617 4093 οἱ
2646 4019 2916 4113 χρηστοὶ

619 4145 760 4213 τοῖς
819 4135 1159 4220 χείροσιν’.
1258 4136 1580 4221 Equidem
1641 4133 1815 4200 aliud
1872 4133 2026 4218 quid
2079 4134 2283 4200 latere
2340 4154 2588 4200 censeo.
2678 4132 2915 4199 Fuerat

622 4242 961 4326 scriptum:
1021 4242 1092 4307 ΟΙ
1144 4242 1340 4308 ΟΛΙΤ.
1392 4243 1436 4321 Ι,
1494 4240 1667 4325 quod
1721 4239 2025 4306 librarius
2074 4241 2387 4327 explendo
2433 4240 2695 4306 refinxit
2738 4242 2808 4308 in
2852 4235 2920 4304 οἱ

621 4341 914 4430 ὁπλῖται,
973 4369 1120 4412 cum
1175 4347 1602 4413 scribendum·
1648 4350 1847 4433 esset,
1906 4348 1978 4415 οἰ
2020 4341 2272 4432 ὀλίγοι,
2335 4347 2507 4435 quod
2551 4349 2911 4435 requiritur.

626 4453 706 4519 cf.
743 4454 804 4535 2,
851 4456 891 4536 ἓ
934 4454 1044 4519 1οε
1089 4450 1200 4518 καὶ
1245 4455 1449 4520 πλείω
1494 4449 1756 4522 τούτων
1802 4449 2127 4522 ἀπολαύει
2172 4449 2209 4522 ὁ
2258 4449 2454 4541 ὄχλος
2497 4449 2539 4540 ἢ
2588 4456 2660 4522 oc
2702 4451 2911 4540 ὀλίγοι
