3200 5175
1524 309 1963 376 -28-

591 493 662 556 to
727 489 908 556 nullo
969 489 1162 555 modo
1219 487 1517 574 efficitur,
1581 487 2003 554 Plutarchum
2061 486 2459 574 Thucydidis
2516 488 2909 574 opinionem

599 597 895 683 probare,
939 618 1086 662 cum
1131 596 1296 661 nihil
1343 595 1517 662 aliud
1562 617 1759 682 quam
1802 595 1927 662 hoc
1974 595 2174 662 dicat:
2218 590 2257 662 ὁ
2303 592 2427 680 μὲν
2473 583 2599 662 οὖν
2636 601 2903 662 Θουκυ-

594 704 788 788 δίδης
843 705 1189 787 νομίζων
1235 698 1311 769 τὸ
1361 708 1779 786 φθονεῖσθαι
1828 696 2207 786 ἀναγκαίως
2240 701 2523 770 ἕπεσθαι
2558 703 2649 794 τῷ
2688 699 2903 769 δύνα-

598 817 765 876 σθαι
792 811 1007 889 καλῶς
1034 809 1210 893 λέγει
1227 807 1319 875 κὲ.
1363 810 1586 894 Ipsum
1613 814 1837 876 tamen
1854 808 2278 876 Plutarchum
2297 811 2617 878 diversam
2642 812 2899 897 opinio-

595 939 746 984 nem
791 918 1030 984 habere
1041 969 1059 1004 ‚
1117 923 1182 983 et
1227 941 1303 984 ex
1350 918 1446 983 illi
1494 917 1637 984 loco
1682 918 2025 1004 proximis,
2079 939 2243 1003 quae
2280 916 2519 984 Coraes
2572 920 2895 1005 neglexit:

590 1019 818 1110 ἡμεῖς
876 1021 960 1091 δὲ
1015 1020 1154 1091 τὸν
1207 1021 1530 1109 φθόνον
1585 1019 2063 1109 διαφεύγειν
2108 1020 2200 1091 οὐ
2254 1021 2600 1110 χαλεπὸν
2653 1020 2893 1110 ἡγού-

592 1155 851 1217 μενοι,
895 1127 972 1198 τὸ
1021 1128 1095 1197 δὲ
1125 1131 1382 1220 ,μέμψει
1419 1127 1508 1216 μὴ
1547 1141 1927 1217 περιπεσεῖν
1970 1169 2044 1179 -
2080 1125 2422 1199 ἀδύνατον
2464 1129 2893 1200 παντάπασιν

593 1233 881 1324 ὁρῶντες
944 1231 1170 1323 ὀρθῶς
1222 1233 1735 1321 βουλευσόμεθα
1788 1234 1879 1304 κὲ.
1946 1239 2107 1305 satis
2164 1242 2433 1324 apparet
2487 1243 2554 1306 et
2610 1262 2687 1305 ex
2744 1242 2890 1306 aliis

591 1345 750 1412 locis
808 1366 968 1430 quos
1025 1346 1252 1414 statim
1307 1346 1602 1412 laudabo.
1695 1344 1945 1410 Deinde
2008 1367 2155 1411 cum
2208 1343 2451 1412 Noster
2508 1347 2666 1412 alibi
2734 1369 2893 1432 quo-

592 1475 715 1538 que
781 1452 882 1539 (ut
943 1477 1006 1538 p.
1070 1454 1154 1519 73
1183 1451 1250 1540 a)
1323 1451 1487 1518 illud
1558 1452 1803 1518 dietum
1876 1455 2173 1537 repetens
2244 1454 2439 1522 verba
2496 1453 2893 1540 Thucydidis

599 1560 1089 1645 conservaverit,
1125 1559 1288 1626 nihil
1326 1564 1444 1646 est,
1481 1581 1594 1626 cur
1630 1560 1737 1625 hic
1775 1581 1923 1624 eum
1952 1559 2176 1624 eadem
2203 1559 2403 1626 verba
2432 1561 2897 1627 commutanda

597 1667 724 1731 sibi
787 1666 1042 1732 duxisse
1107 1667 1460 1732 credamus.
1549 1666 1895 1732 Praeterea
1944 1666 2119 1730 idem
2174 1665 2560 1732 Plutarchus
2618 1667 2891 1734 eandem

597 1773 987 1838 sententiam
1039 1808 1114 1820 —
1180 1795 1346 1857 quae
1405 1796 1446 1838 a
1492 1772 1913 1857 Thucydiden·
1970 1771 2224 1838 diversa
2286 1775 2388 1839 est
2440 1809 2514 1819 —
2564 1794 2699 1838 non
2760 1797 2895 1840 uno

593 1880 742 1944 loco
789 1879 1124 1965 expressit,
1168 1882 1244 1944 ut
1286 1903 1346 1964 p.
1386 1880 1518 1946 804
1545 1879 1616 1944 d:
1663 1876 1772 1945 καὶ
1818 1874 1939 1946 τὸν
1983 1875 2259 1964 φθόνον
2308 1875 2787 1964 ἐκπλήττουσιν
2822 1884 2905 1948 αἱ

595 1980 907 2070 λαμπρὰν
971 1988 1243 2071 ἔχουσαι
1306 1985 1418 2052 καὶ
1474 1997 1746 2071 ταχεῖαν
1800 1982 2084 2072 αὔξησιν
2138 1981 2335 2073 άρχαὶ
2380 1983 2491 2052 καὶ
2549 1986 2899 2074 δυνάμεις·

599 2088 753 2158 οὔτε
807 2088 938 2179 γὰρ
990 2093 1126 2179 πῦρ
1183 2110 1390 2178 φησιν
1449 2089 1485 2160 ὁ
1527 2087 1849 2181 Ἀρίστων
1902 2089 2161 2161 καπνὸν
2215 2103 2437 2161 ποιεῖν
2482 2089 2638 2161 οὔτε
2683 2091 2899 2175 δόξαν

592 2194 890 2283 φθόνον,
927 2191 1014 2283 ἢν
1051 2194 1262 2278 εὐθὺς
1291 2196 1591 2287 ἐκλάμψῃ
1629 2199 1741 2266 καὶ
1775 2199 2045 2285 ταχέως,
2080 2195 2249 2266 ἀλλὰ
2284 2201 2424 2267 τῶν
2460 2199 2628 2268 κατὰ
2654 2199 2901 2290 μικρὸν

598 2301 1078 2391 αὐξανομένων
1121 2303 1233 2371 καὶ
1279 2309 1606 2392 σχολαίως
1641 2302 1851 2375 ἄλλον
1890 2302 2269 2392 ἀλλαχόθεν
2304 2305 2899 2392 ἐπιλαμβάνεσθαι.

597 2414 722 2480 787
756 2436 818 2479 e:
870 2409 976 2480 διὸ
1023 2409 1146 2480 τὸν
1190 2409 1466 2497 φθόνον
1512 2417 1683 2480 ἔνιοι
1730 2422 1824 2505 τῷ,
1866 2416 2097 2504 καπνῷ
2142 2411 2639 2500 παρεικάζουσι·
2684 2412 2900 2495 πολὺς

591 2517 718 2609 γὰρ
765 2521 842 2587 ἐν
885 2531 1026 2600 τοῖς
1071 2514 1467 2606 ἀρχομένοις
1512 2517 1626 2587 διὰ
1670 2517 1746 2588 τὸ
1788 2519 2157 2607 φλέγεσθαι
2193 2523 2680 2607 προεκπίπτων,
2728 2518 2897 2589 ὅταν

592 2626 1042 2713 ἐκλάμψωσιν,
1087 2623 1494 2711 ἀφανίζεται.
1565 2629 1975 2714 Explicatius
2013 2632 2079 2694 et
2114 2630 2345 2695 elatius
2384 2628 2548 2695 dixit
2572 2653 2635 2716 p.
2666 2630 2795 2697 538
2826 2655 2899 2697 az

592 2736 669 2801 αἱ
718 2732 794 2800 δὲ
849 2736 987 2802 τῶν
1033 2730 1508 2821 εὐτυχημάτων
1551 2730 1873 2822 ὑπεροχαὶ
1917 2734 2029 2803 καὶ
2074 2734 2525 2822 λαμπρότητες
2576 2734 2899 2817 πολλάκις

591 2837 712 2909 τὸν
757 2837 1031 2926 φθόνον
1077 2838 1713 2925 κατασβεννύουσιν.
1780 2836 1883 2908 Οὐ
1918 2839 2049 2930 γὰρ
2088 2838 2264 2920 εἰκὸς
2292 2838 2702 2932 Ἀλεξάνδρῳ
2738 2840 2895 2910 τινὰ

591 2956 886 3033 φθονεῖν
934 2942 1094 3014 οὐδὲ
1130 2944 1363 3036 Κύρῳ,
1407 2946 1776 3036 κρατήσασι
1821 2947 1933 3015 καὶ
1969 2947 2355 3034 γενομένοις
2388 2953 2649 3035 κυρίοις
2684 2946 2895 3016 ἁπάν-

595 3075 758 3122 των·
814 3049 962 3121 άλλ’
1021 3051 1242 3142 ὥσπερ
1289 3050 1324 3121 ὁ
1373 3052 1585 3140 ἥλιος,
1634 3046 1733 3122 ὧν
1778 3050 1866 3123 ἂν
1908 3051 2075 3143 ὑπὲρ
2121 3058 2425 3141 κορυφῆς
2466 3056 2737 3144 γένηται
2780 3082 2893 3123 κα-

591 3159 988 3247 ταχεόμενος
1031 3156 1106 3228 τὸ
1153 3161 1321 3247 φῶς,
1365 3155 1407 3247 ἢ
1450 3158 1828 3229 παντάπασι
1864 3159 1991 3248 τὴν
2028 3158 2223 3229 σκιὰν
2264 3156 2527 3229 ἀνεῖλεν
2562 3156 2605 3248 ἢ
2644 3160 2893 3249 μικρὰν

593 3268 934 3355 ἐποίησεν,
994 3263 1169 3334 οὕτω
1223 3264 1398 3334 πολὺ
1451 3269 1588 3335 τῶν
1642 3263 2113 3355 εὐτυχημάτων
2168 3265 2340 3349 ὕψος
2383 3266 2731 3353 λαβόντων
2776 3270 2894 3339 καὶ

591 3376 978 3463 γενομένων
1031 3371 1197 3441 κατὰ
1242 3376 1536 3461 κεφαλῆς
1579 3376 1704 3441 τοῦ
1749 3372 2057 3462 φθόνου,
2113 3374 2532 3444 συστέλλεται
2576 3377 2689 3445 καὶ
2734 3373 2892 3445 ἀνα-

591 3495 796 3571 χωρεῖ
835 3480 1441 3569 καταλαμπόμενος.
1485 3483 1566 3549 cf.
1593 3482 1804 3550 Alcib.
1834 3484 1951 3550 34:
1998 3478 2178 3563 ὅπως
2210 3485 2334 3550 τοῦ
2370 3480 2647 3569 φθόνου
2681 3490 2892 3573 κρείτ-

593 3616 732 3658 των
796 3588 1161 3676 γενόμενος
1221 3588 1312 3656 κὲ.
1412 3590 1640 3676 Pomp.
1705 3591 1791 3656 23
1857 3594 2041 3676 extr„
2112 3613 2276 3676 quae
2340 3591 2655 3678 prolixius
2719 3593 2893 3661 dicta.

595 3699 846 3766 omitto,
918 3697 1097 3763 Haec
1144 3696 1347 3781 igitur
1393 3702 1493 3763 est
1536 3697 1872 3763 Plutarchi
1917 3699 1993 3764 de
2039 3698 2281 3764 invidia
2326 3699 2579 3784 opini03
2624 3704 2884 3767 rectane

596 3826 816 3872 annon
873 3805 1019 3889 ipsa
1068 3825 1186 3889 per
1241 3824 1308 3867 se
1357 3804 1470 3889 sit,
1523 3804 1596 3868 in
1642 3806 2082 3888 quaestionem
2128 3826 2265 3869 non
2309 3809 2595 3873 vocatur.
2678 3806 2890 3874 Locus

595 3915 830 3997 autem,
877 3911 954 3976 de
1001 3932 1128 3996 quo
1177 3911 1524 3997 quaeritur,
1569 3912 1664 3977 sie
1710 3914 1812 3978 est
1855 3911 2297 3996 explicandus:
2344 3912 2459 3977 ubi
2500 3912 2577 3979 de
2616 3916 2887 3981 summis

592 4018 785 4085 rebus
851 4017 1096 4105 agitur,
1157 4017 1371 4083 locum
1433 4019 1505 4083 in
1558 4020 1889 4103 republica.
1942 4019 2083 4098 tibi,
2123 4019 2457 4105 assignare
2512 4020 2707 4088 debes
2757 4044 2890 4089 non

595 4149 742 4193 eum
798 4127 909 4211 qui
961 4118 1279 4192 invidiam
1334 4125 1595 4191 excitet:
1652 4127 1766 4212 qui
1825 4126 2103 4192 invidiae
2150 4126 2483 4212 expositus
2532 4128 2617 4194 sit
2662 4128 2888 4214 (quam

600 4234 980 4321 assequeriS,
1029 4234 1084 4299 si
1130 4256 1276 4299 cum
1315 4231 1665 4299 Gleonibus
1713 4237 1778 4299 et
1813 4233 2213 4320 Hyperbolis
2258 4255 2363 4299 res
2400 4235 2525 4299 tibi
2562 4234 2731 4324 erit),
2776 4237 2889 4303 sed

591 4341 912 4406 illustrem
973 4344 1040 4406 et
1097 4342 1425 4427 insignem
1482 4340 1805 4428 (exemplo
1853 4345 2043 4407 utens
2092 4340 2340 4427 Crassi,
2401 4343 2513 4426 qui
2558 4342 2687 4409 sibi
2733 4343 2887 4411 Gae-

597 4470 774 4515 sares
821 4450 886 4513 et
925 4446 1271 4534 Pompeios
1309 4448 1711 4515 adversarios
1751 4447 2083 4536 eligebat),
2127 4449 2224 4514 ita
2256 4452 2332 4515 ut
2368 4452 2518 4515 tuae
2554 4452 2887 4537 potentiae
