<?xml version="1.0" encoding="UTF-8"?>
<!DOCTYPE html PUBLIC "-//W3C//DTD XHTML 1.0 Transitional//EN"
    "http://www.w3.org/TR/xhtml1/DTD/xhtml1-transitional.dtd">
<html xmlns="http://www.w3.org/1999/xhtml" xml:lang="en" lang="en">
 <head>
  <title>
</title>
<meta http-equiv="Content-Type" content="text/html;charset=utf-8" />
  <meta name='ocr-system' content='tesseract 3.04.00' />
  <meta name='ocr-capabilities' content='ocr_page ocr_carea ocr_par ocr_line ocrx_word'/>
</head>
<body>
  <div class='ocr_page' id='page_1' title='image "./symbolaecritica00unkngoog_0069.png"; bbox 0 0 3200 5175; ppageno 0'>
   <div class='ocr_carea' id='block_1_1' title="bbox 1285 324 1720 391">
    <p class='ocr_par' dir='ltr' id='par_1_1' title="bbox 1285 324 1720 391">
     <span class='ocr_line' id='line_1_1' title="bbox 1285 324 1720 391; baseline 0 -19"><span class='ocrx_word' id='word_1_1' title='bbox 1285 324 1720 391; x_wconf 80' lang='lat'>...57-</span> 
     </span>
    </p>
   </div>
   <div class='ocr_carea' id='block_1_2' title="bbox 347 496 2664 4534">
    <p class='ocr_par' dir='ltr' id='par_1_2' title="bbox 347 496 2664 2186">
     <span class='ocr_line' id='line_1_2' title="bbox 347 496 2645 590; baseline 0 -22"><span class='ocrx_word' id='word_1_2' title='bbox 347 496 592 581; x_wconf 74' lang='grc' dir='ltr'><strong><em>ἄλλους</em></strong></span> <span class='ocrx_word' id='word_1_3' title='bbox 636 500 765 569; x_wconf 80' lang='grc' dir='ltr'><strong><em>καὶ</em></strong></span> <span class='ocrx_word' id='word_1_4' title='bbox 811 496 1114 587; x_wconf 80' lang='grc' dir='ltr'><strong><em>ἀγαθοὺς</em></strong></span> <span class='ocrx_word' id='word_1_5' title='bbox 1157 498 1412 589; x_wconf 68' lang='grc' dir='ltr'><strong><em>ἄνδρας</em></strong></span> <span class='ocrx_word' id='word_1_6' title='bbox 1455 497 1703 590; x_wconf 73' lang='grc' dir='ltr'><strong><em>ᾕρηκεν</em></strong></span> <span class='ocrx_word' id='word_1_7' title='bbox 1748 503 1788 567; x_wconf 91' lang='lat' dir='ltr'><strong><em>i.</em></strong></span> <span class='ocrx_word' id='word_1_8' title='bbox 1835 524 1887 568; x_wconf 87' lang='lat' dir='ltr'><strong>e.</strong></span> <span class='ocrx_word' id='word_1_9' title='bbox 1931 499 2043 567; x_wconf 83' lang='grc' dir='ltr'><strong><em>καὶ</em></strong></span> <span class='ocrx_word' id='word_1_10' title='bbox 2088 501 2295 569; x_wconf 82' lang='grc' dir='ltr'><strong><em>ταῦτα</em></strong></span> <span class='ocrx_word' id='word_1_11' title='bbox 2342 496 2645 587; x_wconf 80' lang='grc' dir='ltr'><strong><em>ἀγαθοὺς</em></strong></span> 
     </span>
     <span class='ocr_line' id='line_1_3' title="bbox 349 604 2664 695; baseline 0 -21"><span class='ocrx_word' id='word_1_12' title='bbox 349 604 496 675; x_wconf 76' lang='grc' dir='ltr'><strong><em>ἄνδ.</em></strong></span> <span class='ocrx_word' id='word_1_13' title='bbox 555 608 752 695; x_wconf 83' lang='lat' dir='ltr'><strong>Gorg.</strong></span> <span class='ocrx_word' id='word_1_14' title='bbox 789 610 924 675; x_wconf 84' lang='lat'><strong><em>455</em></strong></span> <span class='ocrx_word' id='word_1_15' title='bbox 952 632 1016 675; x_wconf 93' lang='lat' dir='ltr'><strong><em>c:</em></strong></span> <span class='ocrx_word' id='word_1_16' title='bbox 1061 604 1154 687; x_wconf 79' lang='grc' dir='ltr'><strong><em>ῶς</em></strong></span> <span class='ocrx_word' id='word_1_17' title='bbox 1199 607 1328 693; x_wconf 81' lang='grc' dir='ltr'><strong><em>έγῶ</em></strong></span> <span class='ocrx_word' id='word_1_18' title='bbox 1372 633 1562 688; x_wconf 90' lang='grc' dir='ltr'><strong><em>τινας</em></strong></span> <span class='ocrx_word' id='word_1_19' title='bbox 1606 606 1849 694; x_wconf 78' lang='grc' dir='ltr'><strong><em>σχεδὸν</em></strong></span> <span class='ocrx_word' id='word_1_20' title='bbox 1891 609 2020 676; x_wconf 85' lang='grc' dir='ltr'><strong><em>καὶ</em></strong></span> <span class='ocrx_word' id='word_1_21' title='bbox 2071 606 2363 694; x_wconf 82' lang='grc' dir='ltr'><strong><em>συχνοὺς</em></strong></span> <span class='ocrx_word' id='word_1_22' title='bbox 2406 606 2664 675; x_wconf 61' lang='lat' dir='ltr'><strong><em>aeneai-s</em></strong></span> 
     </span>
     <span class='ocr_line' id='line_1_4' title="bbox 347 712 2644 801; baseline 0.001 -20"><span class='ocrx_word' id='word_1_23' title='bbox 347 738 572 799; x_wconf 88' lang='grc' dir='ltr'><strong><em>νομαι.</em></strong></span> <span class='ocrx_word' id='word_1_24' title='bbox 636 712 928 800; x_wconf 77' lang='lat' dir='ltr'><strong>Thucyd.</strong></span> <span class='ocrx_word' id='word_1_25' title='bbox 962 715 1044 801; x_wconf 90' lang='lat' dir='ltr'><strong><em>V,</em></strong></span> <span class='ocrx_word' id='word_1_26' title='bbox 1082 716 1165 781; x_wconf 83' lang='lat'><strong><em>97</em></strong></span> <span class='ocrx_word' id='word_1_27' title='bbox 1184 740 1201 781; x_wconf 92' lang='lat'><strong>:</strong></span> <span class='ocrx_word' id='word_1_28' title='bbox 1247 712 1416 782; x_wconf 83' lang='grc' dir='ltr'><strong><em>ῶστε</em></strong></span> <span class='ocrx_word' id='word_1_29' title='bbox 1461 715 1582 795; x_wconf 82' lang='grc' dir='ltr'><strong><em>ἔξω</em></strong></span> <span class='ocrx_word' id='word_1_30' title='bbox 1629 715 1740 782; x_wconf 87' lang='grc' dir='ltr'><strong><em>καὶ</em></strong></span> <span class='ocrx_word' id='word_1_31' title='bbox 1784 717 1907 783; x_wconf 82' lang='grc' dir='ltr'><strong><em>τοῦ</em></strong></span> <span class='ocrx_word' id='word_1_32' title='bbox 1949 713 2257 783; x_wconf 80' lang='grc' dir='ltr'><strong><em>πλεόνων</em></strong></span> <span class='ocrx_word' id='word_1_33' title='bbox 2302 713 2495 801; x_wconf 71' lang='grc' dir='ltr'><strong><em>ἄρξαι</em></strong></span> <span class='ocrx_word' id='word_1_34' title='bbox 2532 715 2644 783; x_wconf 84' lang='grc' dir='ltr'><strong><em>καὶ</em></strong></span> 
     </span>
     <span class='ocr_line' id='line_1_5' title="bbox 349 814 2644 909; baseline 0.001 -24"><span class='ocrx_word' id='word_1_35' title='bbox 349 814 426 885; x_wconf 86' lang='grc' dir='ltr'><strong><em>τὸ</em></strong></span> <span class='ocrx_word' id='word_1_36' title='bbox 466 816 763 905; x_wconf 78' lang='grc' dir='ltr'><strong><em>ἀσφαλὲς</em></strong></span> <span class='ocrx_word' id='word_1_37' title='bbox 795 817 958 907; x_wconf 77' lang='grc' dir='ltr'><strong><em>ἡμῖν</em></strong></span> <span class='ocrx_word' id='word_1_38' title='bbox 994 818 1108 888; x_wconf 78' lang='grc' dir='ltr'><strong><em>διὰ</em></strong></span> <span class='ocrx_word' id='word_1_39' title='bbox 1141 816 1219 889; x_wconf 77' lang='grc' dir='ltr'><strong><em>τό</em></strong></span> <span class='ocrx_word' id='word_1_40' title='bbox 1256 823 1799 908; x_wconf 85' lang='grc' dir='ltr'><strong><em>καταστραφῆναι</em></strong></span> <span class='ocrx_word' id='word_1_41' title='bbox 1838 816 1925 888; x_wconf 76' lang='grc' dir='ltr'><strong><em>ἂν</em></strong></span> <span class='ocrx_word' id='word_1_42' title='bbox 1960 820 2384 909; x_wconf 75' lang='grc' dir='ltr'><strong><em>παράσχοιτε,</em></strong></span> <span class='ocrx_word' id='word_1_43' title='bbox 2428 818 2644 902; x_wconf 74' lang='grc' dir='ltr'><strong><em>ἄλλως</em></strong></span> 
     </span>
     <span class='ocr_line' id='line_1_6' title="bbox 351 914 2646 1016; baseline 0.001 -23"><span class='ocrx_word' id='word_1_44' title='bbox 351 950 422 993; x_wconf 88' lang='grc' dir='ltr'><strong><em>τε</em></strong></span> <span class='ocrx_word' id='word_1_45' title='bbox 465 924 577 992; x_wconf 85' lang='grc' dir='ltr'><strong><em>καὶ</em></strong></span> <span class='ocrx_word' id='word_1_46' title='bbox 623 929 944 1012; x_wconf 73' lang='grc' dir='ltr'><strong><em>νησιῶται</em></strong></span> <span class='ocrx_word' id='word_1_47' title='bbox 983 914 1462 1016; x_wconf 81' lang='grc' dir='ltr'><strong><em>ναυκρατόρων</em></strong></span> <span class='ocrx_word' id='word_1_48' title='bbox 1495 927 1625 995; x_wconf 84' lang='grc' dir='ltr'><strong><em>καὶ</em></strong></span> <span class='ocrx_word' id='word_1_49' title='bbox 1662 924 2136 1015; x_wconf 79' lang='grc' dir='ltr'><strong><em>ἀσθενέστεροι</em></strong></span> <span class='ocrx_word' id='word_1_50' title='bbox 2174 928 2419 1016; x_wconf 84' lang='grc' dir='ltr'><strong><em>ἑτέρων</em></strong></span> <span class='ocrx_word' id='word_1_51' title='bbox 2456 926 2646 1009; x_wconf 69' lang='grc' dir='ltr'><strong><em>ὄντες</em></strong></span> 
     </span>
     <span class='ocr_line' id='line_1_7' title="bbox 353 1028 2644 1124; baseline 0.003 -25"><span class='ocrx_word' id='word_1_52' title='bbox 353 1034 418 1099; x_wconf 87' lang='grc' dir='ltr'><strong><em>εἰ</em></strong></span> <span class='ocrx_word' id='word_1_53' title='bbox 450 1028 540 1118; x_wconf 84' lang='grc' dir='ltr'><strong><em>μὴ</em></strong></span> <span class='ocrx_word' id='word_1_54' title='bbox 579 1033 1043 1119; x_wconf 79' lang='grc' dir='ltr'><strong><em>περιγένοισθε</em></strong></span> <span class='ocrx_word' id='word_1_55' title='bbox 1081 1037 1120 1102; x_wconf 88' lang='lat' dir='ltr'><strong><em>i.</em></strong></span> <span class='ocrx_word' id='word_1_56' title='bbox 1145 1058 1198 1101; x_wconf 86' lang='lat' dir='ltr'><strong>e.</strong></span> <span class='ocrx_word' id='word_1_57' title='bbox 1233 1034 1345 1101; x_wconf 85' lang='grc' dir='ltr'><strong><em>καὶ</em></strong></span> <span class='ocrx_word' id='word_1_58' title='bbox 1382 1032 1667 1121; x_wconf 88' lang='grc' dir='ltr'><strong><em>μάλιστα</em></strong></span> <span class='ocrx_word' id='word_1_59' title='bbox 1704 1035 1943 1124; x_wconf 88' lang='lat' dir='ltr'><strong>(intell.</strong></span> <span class='ocrx_word' id='word_1_60' title='bbox 1969 1040 2287 1122; x_wconf 79' lang='grc' dir='ltr'><strong><em>μεγίστην</em></strong></span> <span class='ocrx_word' id='word_1_61' title='bbox 2316 1030 2402 1103; x_wconf 75' lang='grc' dir='ltr'><strong><em>ἂν</em></strong></span> <span class='ocrx_word' id='word_1_62' title='bbox 2432 1032 2644 1122; x_wconf 80' lang='grc' dir='ltr'><strong><em>ἀσφά-</em></strong></span> 
     </span>
     <span class='ocr_line' id='line_1_8' title="bbox 352 1135 2644 1230; baseline 0.003 -26"><span class='ocrx_word' id='word_1_63' title='bbox 352 1143 542 1205; x_wconf 88' lang='grc' dir='ltr'><strong><em>λειαν</em></strong></span> <span class='ocrx_word' id='word_1_64' title='bbox 586 1136 982 1226; x_wconf 78' lang='grc' dir='ltr'><strong><em>παράσχοιτε</em></strong></span> <span class='ocrx_word' id='word_1_65' title='bbox 1028 1135 1251 1229; x_wconf 83' lang='grc' dir='ltr'><strong><em>ἡμῖν),</em></strong></span> <span class='ocrx_word' id='word_1_66' title='bbox 1297 1143 1360 1207; x_wconf 89' lang='grc' dir='ltr'><strong><em>εἰ</em></strong></span> <span class='ocrx_word' id='word_1_67' title='bbox 1403 1136 1651 1230; x_wconf 80' lang='grc' dir='ltr'><strong><em>(ὑμεῖς)</em></strong></span> <span class='ocrx_word' id='word_1_68' title='bbox 1698 1144 2021 1227; x_wconf 77' lang='grc' dir='ltr'><strong><em>νησιῶται</em></strong></span> <span class='ocrx_word' id='word_1_69' title='bbox 2064 1142 2194 1210; x_wconf 84' lang='grc' dir='ltr'><strong><em>καὶ</em></strong></span> <span class='ocrx_word' id='word_1_70' title='bbox 2239 1140 2355 1230; x_wconf 79' lang='grc' dir='ltr'><strong><em>(δὴ</em></strong></span> <span class='ocrx_word' id='word_1_71' title='bbox 2402 1145 2644 1229; x_wconf 84' lang='grc' dir='ltr'><strong><em>νησιῶ-</em></strong></span> 
     </span>
     <span class='ocr_line' id='line_1_9' title="bbox 350 1241 2645 1336; baseline 0.003 -25"><span class='ocrx_word' id='word_1_72' title='bbox 350 1244 490 1333; x_wconf 90' lang='grc' dir='ltr'><strong><em>ται)</em></strong></span> <span class='ocrx_word' id='word_1_73' title='bbox 542 1241 1016 1332; x_wconf 77' lang='grc' dir='ltr'><strong><em>άσθενέστεροι</em></strong></span> <span class='ocrx_word' id='word_1_74' title='bbox 1070 1245 1315 1333; x_wconf 83' lang='grc' dir='ltr'><strong><em>ἑτέρων</em></strong></span> <span class='ocrx_word' id='word_1_75' title='bbox 1368 1244 1556 1325; x_wconf 75' lang='grc' dir='ltr'><strong><em>ὄντες</em></strong></span> <span class='ocrx_word' id='word_1_76' title='bbox 1599 1243 1690 1334; x_wconf 83' lang='grc' dir='ltr'><strong><em>μὴ</em></strong></span> <span class='ocrx_word' id='word_1_77' title='bbox 1736 1248 2205 1335; x_wconf 80' lang='grc' dir='ltr'><strong><em>περιγένοισθε</em></strong></span> <span class='ocrx_word' id='word_1_78' title='bbox 2249 1245 2440 1336; x_wconf 81' lang='grc' dir='ltr'><strong><em>ἡμῶν</em></strong></span> <span class='ocrx_word' id='word_1_79' title='bbox 2486 1275 2645 1317; x_wconf 84' lang='grc' dir='ltr'><strong><em>ναυ-</em></strong></span> 
     </span>
     <span class='ocr_line' id='line_1_10' title="bbox 349 1348 2646 1442; baseline 0.003 -25"><span class='ocrx_word' id='word_1_80' title='bbox 349 1348 717 1439; x_wconf 86' lang='grc' dir='ltr'><strong><em>κρατόρων.</em></strong></span> <span class='ocrx_word' id='word_1_81' title='bbox 808 1351 941 1419; x_wconf 86' lang='lat' dir='ltr'><strong><em>Our</em></strong></span> <span class='ocrx_word' id='word_1_82' title='bbox 990 1352 1102 1419; x_wconf 83' lang='grc' dir='ltr'><strong><em>καὶ</em></strong></span> <span class='ocrx_word' id='word_1_83' title='bbox 1159 1350 1632 1441; x_wconf 78' lang='grc' dir='ltr'><strong><em>ἀσθενέστεροι</em></strong></span> <span class='ocrx_word' id='word_1_84' title='bbox 1686 1358 1859 1421; x_wconf 86' lang='lat' dir='ltr'><strong>recte</strong></span> <span class='ocrx_word' id='word_1_85' title='bbox 1916 1378 1984 1421; x_wconf 91' lang='lat' dir='ltr'><strong><em>se</em></strong></span> <span class='ocrx_word' id='word_1_86' title='bbox 2038 1357 2281 1423; x_wconf 85' lang='lat' dir='ltr'><strong>habeat</strong></span> <span class='ocrx_word' id='word_1_87' title='bbox 2322 1380 2531 1442; x_wconf 88' lang='lat' dir='ltr'><strong>neque</strong></span> <span class='ocrx_word' id='word_1_88' title='bbox 2574 1357 2646 1424; x_wconf 90' lang='lat' dir='ltr'><strong><em>in</em></strong></span> 
     </span>
     <span class='ocr_line' id='line_1_11' title="bbox 347 1452 2644 1549; baseline 0.003 -26"><span class='ocrx_word' id='word_1_89' title='bbox 347 1456 460 1523; x_wconf 84' lang='grc' dir='ltr'><strong><em>καὶ</em></strong></span> <span class='ocrx_word' id='word_1_90' title='bbox 490 1452 612 1525; x_wconf 82' lang='grc' dir='ltr'><strong><em>οὐκ</em></strong></span> <span class='ocrx_word' id='word_1_91' title='bbox 639 1454 1133 1547; x_wconf 81' lang='grc' dir='ltr'><strong><em>ἀσθενέστεροι,</em></strong></span> <span class='ocrx_word' id='word_1_92' title='bbox 1173 1463 1346 1548; x_wconf 88' lang='lat' dir='ltr'><strong>quod</strong></span> <span class='ocrx_word' id='word_1_93' title='bbox 1372 1463 1596 1547; x_wconf 84' lang='lat' dir='ltr'><strong>velint,</strong></span> <span class='ocrx_word' id='word_1_94' title='bbox 1623 1462 2005 1529; x_wconf 89' lang='lat' dir='ltr'><strong>mutandum</strong></span> <span class='ocrx_word' id='word_1_95' title='bbox 2034 1464 2138 1547; x_wconf 88' lang='lat' dir='ltr'><strong>sit,</strong></span> <span class='ocrx_word' id='word_1_96' title='bbox 2167 1465 2453 1530; x_wconf 87' lang='lat' dir='ltr'><strong>ostendit</strong></span> <span class='ocrx_word' id='word_1_97' title='bbox 2482 1487 2644 1549; x_wconf 85' lang='lat' dir='ltr'><strong>quae</strong></span> 
     </span>
     <span class='ocr_line' id='line_1_12' title="bbox 348 1564 2645 1656; baseline 0.003 -27"><span class='ocrx_word' id='word_1_98' title='bbox 348 1565 732 1632; x_wconf 74' lang='lat' dir='ltr'><strong>subauditur</strong></span> <span class='ocrx_word' id='word_1_99' title='bbox 796 1568 1148 1654; x_wconf 82' lang='lat' dir='ltr'><strong>oppositio:</strong></span> <span class='ocrx_word' id='word_1_100' title='bbox 1213 1570 1277 1635; x_wconf 91' lang='grc' dir='ltr'><strong><em>εἰ</em></strong></span> <span class='ocrx_word' id='word_1_101' title='bbox 1336 1564 1465 1656; x_wconf 80' lang='grc' dir='ltr'><strong><em>γὰρ</em></strong></span> <span class='ocrx_word' id='word_1_102' title='bbox 1526 1564 1717 1654; x_wconf 84' lang='grc' dir='ltr'><strong><em>ὑμεῖς</em></strong></span> <span class='ocrx_word' id='word_1_103' title='bbox 1780 1568 2099 1653; x_wconf 77' lang='grc' dir='ltr'><strong><em>νησιῶται</em></strong></span> <span class='ocrx_word' id='word_1_104' title='bbox 2152 1567 2264 1634; x_wconf 84' lang='grc' dir='ltr'><strong><em>καὶ</em></strong></span> <span class='ocrx_word' id='word_1_105' title='bbox 2319 1571 2645 1654; x_wconf 87' lang='grc' dir='ltr'><strong><em>νησιῶται</em></strong></span> 
     </span>
     <span class='ocr_line' id='line_1_13' title="bbox 351 1664 2646 1762; baseline 0.003 -26"><span class='ocrx_word' id='word_1_106' title='bbox 351 1664 820 1759; x_wconf 78' lang='grc' dir='ltr'><strong><em>ἀσθενέστεροι</em></strong></span> <span class='ocrx_word' id='word_1_107' title='bbox 879 1672 1122 1760; x_wconf 83' lang='grc' dir='ltr'><strong><em>ἑτέρων</em></strong></span> <span class='ocrx_word' id='word_1_108' title='bbox 1175 1670 1364 1753; x_wconf 79' lang='grc' dir='ltr'><strong><em>ὄντες</em></strong></span> <span class='ocrx_word' id='word_1_109' title='bbox 1415 1673 1883 1761; x_wconf 82' lang='grc' dir='ltr'><strong><em>περιγένοισθε</em></strong></span> <span class='ocrx_word' id='word_1_110' title='bbox 1930 1670 2121 1761; x_wconf 81' lang='grc' dir='ltr'><strong><em>ἡμῶν</em></strong></span> <span class='ocrx_word' id='word_1_111' title='bbox 2167 1673 2646 1762; x_wconf 86' lang='grc' dir='ltr'><strong><em>ναυκρατόρων</em></strong></span> 
     </span>
     <span class='ocr_line' id='line_1_14' title="bbox 352 1772 2643 1868; baseline 0.003 -26"><span class='ocrx_word' id='word_1_112' title='bbox 352 1772 591 1863; x_wconf 86' lang='grc' dir='ltr'><strong><em>ὄντων,</em></strong></span> <span class='ocrx_word' id='word_1_113' title='bbox 634 1775 899 1859; x_wconf 88' lang='grc' dir='ltr'><strong><em>πάντως</em></strong></span> <span class='ocrx_word' id='word_1_114' title='bbox 941 1775 1130 1867; x_wconf 84' lang='grc' dir='ltr'><strong><em>ἡμεῖς</em></strong></span> <span class='ocrx_word' id='word_1_115' title='bbox 1174 1806 1249 1867; x_wconf 92' lang='grc' dir='ltr'><strong><em>γε</em></strong></span> <span class='ocrx_word' id='word_1_116' title='bbox 1293 1780 1444 1867; x_wconf 84' lang='grc' dir='ltr'><strong><em>περὶ</em></strong></span> <span class='ocrx_word' id='word_1_117' title='bbox 1488 1782 1607 1867; x_wconf 80' lang='grc' dir='ltr'><strong><em>τῆς</em></strong></span> <span class='ocrx_word' id='word_1_118' title='bbox 1652 1776 1859 1868; x_wconf 76' lang='grc' dir='ltr'><strong><em>ἀρχῆς</em></strong></span> <span class='ocrx_word' id='word_1_119' title='bbox 1902 1779 2448 1867; x_wconf 81' lang='grc' dir='ltr'><strong><em>κινδυνεύσομεν.</em></strong></span> <span class='ocrx_word' id='word_1_120' title='bbox 2494 1782 2643 1864; x_wconf 88' lang='lat' dir='ltr'>VII,</span> 
     </span>
     <span class='ocr_line' id='line_1_15' title="bbox 351 1869 2645 1975; baseline 0.002 -26"><span class='ocrx_word' id='word_1_121' title='bbox 351 1886 454 1970; x_wconf 88' lang='lat'><strong><em>68,</em></strong></span> <span class='ocrx_word' id='word_1_122' title='bbox 506 1887 570 1950; x_wconf 92' lang='lat'><strong><em>1:</em></strong></span> <span class='ocrx_word' id='word_1_123' title='bbox 629 1869 863 1971; x_wconf 78' lang='grc' dir='ltr'><strong><em>ἐχθροὶ</em></strong></span> <span class='ocrx_word' id='word_1_124' title='bbox 917 1886 1028 1953; x_wconf 85' lang='grc' dir='ltr'><strong><em>καὶ</em></strong></span> <span class='ocrx_word' id='word_1_125' title='bbox 1074 1890 1373 1973; x_wconf 77' lang='grc' dir='ltr'><strong><em>ἔχθιστοι</em></strong></span> <span class='ocrx_word' id='word_1_126' title='bbox 1419 1890 1459 1954; x_wconf 92' lang='lat' dir='ltr'><strong><em>i.</em></strong></span> <span class='ocrx_word' id='word_1_127' title='bbox 1505 1911 1558 1956; x_wconf 88' lang='lat' dir='ltr'><strong>e.</strong></span> <span class='ocrx_word' id='word_1_128' title='bbox 1602 1886 1716 1954; x_wconf 84' lang='grc' dir='ltr'><strong><em>καὶ</em></strong></span> <span class='ocrx_word' id='word_1_129' title='bbox 1763 1884 1847 1973; x_wconf 78' lang='grc' dir='ltr'><strong><em>δὴ</em></strong></span> <span class='ocrx_word' id='word_1_130' title='bbox 1895 1888 2130 1975; x_wconf 79' lang='grc' dir='ltr'><strong><em>ἐχθροὶ</em></strong></span> <span class='ocrx_word' id='word_1_131' title='bbox 2176 1892 2491 1975; x_wconf 78' lang='grc' dir='ltr'><strong><em>ἔχθιστοι.</em></strong></span> <span class='ocrx_word' id='word_1_132' title='bbox 2567 1889 2645 1954; x_wconf 89' lang='lat' dir='ltr'><strong><em>cf.</em></strong></span> 
     </span>
     <span class='ocr_line' id='line_1_16' title="bbox 349 1990 2647 2079; baseline 0.002 -22"><span class='ocrx_word' id='word_1_133' title='bbox 349 1990 504 2076; x_wconf 90' lang='lat' dir='ltr'><strong><em>VH,</em></strong></span> <span class='ocrx_word' id='word_1_134' title='bbox 554 1992 662 2077; x_wconf 85' lang='lat'><strong><em>48,</em></strong></span> <span class='ocrx_word' id='word_1_135' title='bbox 709 1994 750 2058; x_wconf 85' lang='lat'><strong>3</strong></span> <span class='ocrx_word' id='word_1_136' title='bbox 807 1997 875 2059; x_wconf 88' lang='lat' dir='ltr'><strong>et</strong></span> <span class='ocrx_word' id='word_1_137' title='bbox 933 1995 1208 2079; x_wconf 76' lang='lat' dir='ltr'><strong>aliorum</strong></span> <span class='ocrx_word' id='word_1_138' title='bbox 1266 1995 1337 2060; x_wconf 89' lang='lat' dir='ltr'><strong><em>in</em></strong></span> <span class='ocrx_word' id='word_1_139' title='bbox 1396 1995 1517 2061; x_wconf 88' lang='lat' dir='ltr'><strong>hos</strong></span> <span class='ocrx_word' id='word_1_140' title='bbox 1575 1996 1756 2062; x_wconf 89' lang='lat' dir='ltr'><strong>locos</strong></span> <span class='ocrx_word' id='word_1_141' title='bbox 1816 1996 2290 2062; x_wconf 71' lang='lat' dir='ltr'><strong>annotationes,</strong></span> <span class='ocrx_word' id='word_1_142' title='bbox 2396 1994 2647 2062; x_wconf 84' lang='lat' dir='ltr'><strong>Similia</strong></span> 
     </span>
     <span class='ocr_line' id='line_1_17' title="bbox 353 2099 1387 2186; baseline 0.005 -23"><span class='ocrx_word' id='word_1_143' title='bbox 353 2099 646 2183; x_wconf 82' lang='lat' dir='ltr'><strong>exempla</strong></span> <span class='ocrx_word' id='word_1_144' title='bbox 689 2100 927 2186; x_wconf 88' lang='lat' dir='ltr'><strong>ubique</strong></span> <span class='ocrx_word' id='word_1_145' title='bbox 975 2102 1170 2167; x_wconf 83' lang='lat' dir='ltr'><strong>obvia</strong></span> <span class='ocrx_word' id='word_1_146' title='bbox 1218 2106 1387 2169; x_wconf 87' lang='lat' dir='ltr'><strong>sunt.</strong></span> 
     </span>
    </p>

    <p class='ocr_par' dir='ltr' id='par_1_3' title="bbox 347 2203 2646 3254">
     <span class='ocr_line' id='line_1_18' title="bbox 528 2203 2642 2297; baseline 0.002 -27"><span class='ocrx_word' id='word_1_147' title='bbox 528 2203 598 2270; x_wconf 83' lang='lat' dir='ltr'><strong><em>C.</em></strong></span> <span class='ocrx_word' id='word_1_148' title='bbox 648 2208 684 2273; x_wconf 83' lang='lat'>7</span> <span class='ocrx_word' id='word_1_149' title='bbox 735 2230 784 2272; x_wconf 91' lang='lat' dir='ltr'><strong>s.</strong></span> <span class='ocrx_word' id='word_1_150' title='bbox 829 2208 874 2272; x_wconf 86' lang='lat' dir='ltr'><strong><em>f.</em></strong></span> <span class='ocrx_word' id='word_1_151' title='bbox 933 2206 1020 2294; x_wconf 90' lang='lat' dir='ltr'><strong><em>(p.</em></strong></span> <span class='ocrx_word' id='word_1_152' title='bbox 1081 2208 1206 2275; x_wconf 83' lang='lat'><strong><em>152</em></strong></span> <span class='ocrx_word' id='word_1_153' title='bbox 1237 2208 1334 2297; x_wconf 90' lang='lat' dir='ltr'><strong><em>d):</em></strong></span> <span class='ocrx_word' id='word_1_154' title='bbox 1401 2204 1509 2274; x_wconf 58' lang='grc' dir='ltr'><strong><em>εσὺ</em></strong></span> <span class='ocrx_word' id='word_1_155' title='bbox 1573 2205 1735 2293; x_wconf 81' lang='grc' dir='ltr'><strong><em>γὰρ’</em></strong></span> <span class='ocrx_word' id='word_1_156' title='bbox 1792 2210 1919 2294; x_wconf 85' lang='grc' dir='ltr'><strong><em>ἔφη</em></strong></span> <span class='ocrx_word' id='word_1_157' title='bbox 1968 2204 2003 2275; x_wconf 86' lang='grc' dir='ltr'>ὁ</span> <span class='ocrx_word' id='word_1_158' title='bbox 2060 2216 2376 2287; x_wconf 79' lang='grc' dir='ltr'><strong><em>Αἴσωπος</em></strong></span> <span class='ocrx_word' id='word_1_159' title='bbox 2432 2206 2642 2276; x_wconf 59' lang='grc' dir='ltr'><strong><em>εοὔπω</em></strong></span> 
     </span>
     <span class='ocr_line' id='line_1_19' title="bbox 349 2308 2643 2401; baseline 0.002 -23"><span class='ocrx_word' id='word_1_160' title='bbox 349 2310 687 2397; x_wconf 76' lang='grc' dir='ltr'><strong><em>γέγραφας</em></strong></span> <span class='ocrx_word' id='word_1_161' title='bbox 740 2308 842 2378; x_wconf 80' lang='grc' dir='ltr'><strong><em>ὅτι</em></strong></span> <span class='ocrx_word' id='word_1_162' title='bbox 889 2308 1129 2399; x_wconf 82' lang='grc' dir='ltr'><strong><em>ὅμοιον</em></strong></span> <span class='ocrx_word' id='word_1_163' title='bbox 1177 2313 1431 2392; x_wconf 81' lang='grc' dir='ltr'><strong><em>οἰκέτας</em></strong></span> <span class='ocrx_word' id='word_1_164' title='bbox 1475 2310 1566 2399; x_wconf 83' lang='grc' dir='ltr'><strong><em>μὴ</em></strong></span> <span class='ocrx_word' id='word_1_165' title='bbox 1615 2310 1929 2400; x_wconf 81' lang='grc' dir='ltr'><strong><em>μεθύειν,</em></strong></span> <span class='ocrx_word' id='word_1_166' title='bbox 1984 2310 2073 2393; x_wconf 79' lang='grc' dir='ltr'><strong><em>ῶς</em></strong></span> <span class='ocrx_word' id='word_1_167' title='bbox 2117 2318 2411 2400; x_wconf 79' lang='grc' dir='ltr'><strong><em>ἔγραψας</em></strong></span> <span class='ocrx_word' id='word_1_168' title='bbox 2450 2312 2643 2401; x_wconf 79' lang='grc' dir='ltr'><strong><em>Ἀθή-</em></strong></span> 
     </span>
     <span class='ocr_line' id='line_1_20' title="bbox 348 2415 2646 2505; baseline 0.001 -20"><span class='ocrx_word' id='word_1_169' title='bbox 348 2435 550 2503; x_wconf 88' lang='grc' dir='ltr'><strong><em>νησιν</em></strong></span> <span class='ocrx_word' id='word_1_170' title='bbox 615 2418 870 2497; x_wconf 81' lang='grc' dir='ltr'><strong><em>οἰκέτας</em></strong></span> <span class='ocrx_word' id='word_1_171' title='bbox 932 2416 1023 2504; x_wconf 84' lang='grc' dir='ltr'><strong><em>μὴ</em></strong></span> <span class='ocrx_word' id='word_1_172' title='bbox 1089 2418 1250 2505; x_wconf 81' lang='grc' dir='ltr'><strong><em>ἐρᾶν</em></strong></span> <span class='ocrx_word' id='word_1_173' title='bbox 1305 2417 1476 2505; x_wconf 76' lang='grc' dir='ltr'><strong><em>μηδὲ</em></strong></span> <span class='ocrx_word' id='word_1_174' title='bbox 1541 2419 2015 2504; x_wconf 80' lang='grc' dir='ltr'><strong><em>ξηραλοιφεῖν.’</em></strong></span> <span class='ocrx_word' id='word_1_175' title='bbox 2099 2418 2200 2485; x_wconf 88' lang='lat' dir='ltr'><strong><em>Ad</em></strong></span> <span class='ocrx_word' id='word_1_176' title='bbox 2258 2416 2359 2485; x_wconf 82' lang='grc' dir='ltr'><strong><em>ὅτι</em></strong></span> <span class='ocrx_word' id='word_1_177' title='bbox 2408 2415 2646 2505; x_wconf 79' lang='grc' dir='ltr'><strong><em>ὅμοιον</em></strong></span> 
     </span>
     <span class='ocr_line' id='line_1_21' title="bbox 349 2526 2645 2617; baseline 0.001 -26"><span class='ocrx_word' id='word_1_178' title='bbox 349 2526 690 2611; x_wconf 80' lang='lat' dir='ltr'><strong>Wyttenb.</strong></span> <span class='ocrx_word' id='word_1_179' title='bbox 738 2528 1100 2593; x_wconf 80' lang='lat' dir='ltr'><strong>annotavit:</strong></span> <span class='ocrx_word' id='word_1_180' title='bbox 1175 2526 1313 2594; x_wconf 69' lang='lat' dir='ltr'><strong>‘aut</strong></span> <span class='ocrx_word' id='word_1_181' title='bbox 1367 2527 1729 2613; x_wconf 89' lang='lat' dir='ltr'><strong>delendum,</strong></span> <span class='ocrx_word' id='word_1_182' title='bbox 1775 2530 1889 2593; x_wconf 89' lang='lat' dir='ltr'><strong><em>aut</em></strong></span> <span class='ocrx_word' id='word_1_183' title='bbox 1934 2526 2177 2613; x_wconf 88' lang='lat' dir='ltr'><strong>aliquid</strong></span> <span class='ocrx_word' id='word_1_184' title='bbox 2222 2528 2291 2594; x_wconf 88' lang='lat' dir='ltr'><strong><em>in</em></strong></span> <span class='ocrx_word' id='word_1_185' title='bbox 2337 2550 2412 2595; x_wconf 90' lang='lat' dir='ltr'><strong>eo</strong></span> <span class='ocrx_word' id='word_1_186' title='bbox 2466 2530 2645 2617; x_wconf 88' lang='lat' dir='ltr'><strong>latet,</strong></span> 
     </span>
     <span class='ocr_line' id='line_1_22' title="bbox 351 2628 2643 2721; baseline 0.002 -23"><span class='ocrx_word' id='word_1_187' title='bbox 351 2633 521 2718; x_wconf 89' lang='lat' dir='ltr'><strong>quod</strong></span> <span class='ocrx_word' id='word_1_188' title='bbox 564 2633 858 2718; x_wconf 86' lang='lat' dir='ltr'><strong>proxime</strong></span> <span class='ocrx_word' id='word_1_189' title='bbox 897 2628 1266 2718; x_wconf 78' lang='grc' dir='ltr'><strong><em>Ἀθήνησιν</em></strong></span> <span class='ocrx_word' id='word_1_190' title='bbox 1311 2638 1681 2721; x_wconf 85' lang='lat' dir='ltr'><strong>opponatur</strong></span> <span class='ocrx_word' id='word_1_191' title='bbox 1718 2671 1802 2680; x_wconf 85' lang='lat'><strong><em>—-</em></strong></span> <span class='ocrx_word' id='word_1_192' title='bbox 1851 2671 1955 2701; x_wconf 85' lang='lat'><strong><em>—-.</em></strong></span> <span class='ocrx_word' id='word_1_193' title='bbox 2028 2632 2188 2700; x_wconf 88' lang='lat' dir='ltr'><strong>Mez.</strong></span> <span class='ocrx_word' id='word_1_194' title='bbox 2226 2635 2495 2721; x_wconf 80' lang='lat' dir='ltr'><strong>corrigit</strong></span> <span class='ocrx_word' id='word_1_195' title='bbox 2540 2631 2643 2702; x_wconf 81' lang='grc' dir='ltr'><strong><em>ὅτι</em></strong></span> 
     </span>
     <span class='ocr_line' id='line_1_23' title="bbox 349 2735 2644 2828; baseline 0.002 -24"><span class='ocrx_word' id='word_1_196' title='bbox 349 2735 674 2825; x_wconf 85' lang='grc' dir='ltr'><strong><em>νόμιμον,</em></strong></span> <span class='ocrx_word' id='word_1_197' title='bbox 722 2741 894 2826; x_wconf 87' lang='lat' dir='ltr'><strong>quod</strong></span> <span class='ocrx_word' id='word_1_198' title='bbox 939 2741 1097 2806; x_wconf 89' lang='lat' dir='ltr'><strong>item</strong></span> <span class='ocrx_word' id='word_1_199' title='bbox 1132 2741 1374 2827; x_wconf 86' lang='lat' dir='ltr'><strong>friget.&#39;</strong></span> <span class='ocrx_word' id='word_1_200' title='bbox 1454 2741 1838 2808; x_wconf 86' lang='lat' dir='ltr'><strong>Duebnerus</strong></span> <span class='ocrx_word' id='word_1_201' title='bbox 1878 2741 2136 2826; x_wconf 82' lang='lat' dir='ltr'><strong>scripsit</strong></span> <span class='ocrx_word' id='word_1_202' title='bbox 2183 2736 2367 2806; x_wconf 75' lang='grc' dir='ltr'><strong><em>οὔπω</em></strong></span> <span class='ocrx_word' id='word_1_203' title='bbox 2414 2739 2644 2828; x_wconf 84' lang='grc' dir='ltr'><strong><em>γέγρα-</em></strong></span> 
     </span>
     <span class='ocr_line' id='line_1_24' title="bbox 349 2835 2643 2934; baseline 0.002 -24"><span class='ocrx_word' id='word_1_204' title='bbox 349 2869 482 2931; x_wconf 86' lang='grc' dir='ltr'><strong><em>φας</em></strong></span> <span class='ocrx_word' id='word_1_205' title='bbox 527 2835 676 2912; x_wconf 78' lang='grc' dir='ltr'><strong><em>ὦὸε</em></strong></span> <span class='ocrx_word' id='word_1_206' title='bbox 721 2843 1004 2932; x_wconf 83' lang='grc' dir='ltr'><strong><em>νόμον,</em></strong></span> <span class='ocrx_word' id='word_1_207' title='bbox 1050 2846 1306 2925; x_wconf 81' lang='grc' dir='ltr'><strong><em>οἰκέτας</em></strong></span> <span class='ocrx_word' id='word_1_208' title='bbox 1350 2846 1440 2913; x_wconf 81' lang='grc' dir='ltr'><strong><em>κὲ.</em></strong></span> <span class='ocrx_word' id='word_1_209' title='bbox 1524 2847 1710 2924; x_wconf 85' lang='lat' dir='ltr'><strong><em>Quod</em></strong></span> <span class='ocrx_word' id='word_1_210' title='bbox 1755 2869 1891 2912; x_wconf 93' lang='lat' dir='ltr'><strong><em>non</em></strong></span> <span class='ocrx_word' id='word_1_211' title='bbox 1936 2848 2150 2912; x_wconf 90' lang='lat' dir='ltr'><strong>minus</strong></span> <span class='ocrx_word' id='word_1_212' title='bbox 2194 2848 2407 2934; x_wconf 86' lang='lat' dir='ltr'><strong>friget.</strong></span> <span class='ocrx_word' id='word_1_213' title='bbox 2478 2847 2643 2914; x_wconf 87' lang='lat' dir='ltr'><strong>Her-</strong></span> 
     </span>
     <span class='ocr_line' id='line_1_25' title="bbox 347 2947 2643 3042; baseline 0.001 -24"><span class='ocrx_word' id='word_1_214' title='bbox 347 2953 578 3019; x_wconf 89' lang='lat' dir='ltr'><strong>cherus</strong></span> <span class='ocrx_word' id='word_1_215' title='bbox 624 2954 879 3022; x_wconf 81' lang='lat' dir='ltr'><strong>delevit.</strong></span> <span class='ocrx_word' id='word_1_216' title='bbox 947 2955 1205 3042; x_wconf 86' lang='lat' dir='ltr'><strong>Patzig:</strong></span> <span class='ocrx_word' id='word_1_217' title='bbox 1245 2992 1330 3002; x_wconf 91' lang='lat'><strong><em>——</em></strong></span> <span class='ocrx_word' id='word_1_218' title='bbox 1369 2947 1472 3032; x_wconf 86' lang='grc' dir='ltr'><strong><em>οἷς</em></strong></span> <span class='ocrx_word' id='word_1_219' title='bbox 1515 2957 1810 3038; x_wconf 83' lang='grc' dir='ltr'><strong><em>ἔγραψας</em></strong></span> <span class='ocrx_word' id='word_1_220' title='bbox 1848 2947 2076 3038; x_wconf 76' lang='grc' dir='ltr'><strong><em>Ἀθήν.</em></strong></span> <span class='ocrx_word' id='word_1_221' title='bbox 2114 2958 2247 3019; x_wconf 86' lang='grc' dir='ltr'><strong><em>κτλ.</em></strong></span> <span class='ocrx_word' id='word_1_222' title='bbox 2294 2957 2463 3039; x_wconf 91' lang='lat' dir='ltr'><strong>quod</strong></span> <span class='ocrx_word' id='word_1_223' title='bbox 2500 2979 2643 3040; x_wconf 87' lang='lat' dir='ltr'><strong>per-</strong></span> 
     </span>
     <span class='ocr_line' id='line_1_26' title="bbox 348 3056 2639 3148; baseline 0.001 -24"><span class='ocrx_word' id='word_1_224' title='bbox 348 3060 627 3145; x_wconf 85' lang='lat' dir='ltr'><strong>plexum.</strong></span> <span class='ocrx_word' id='word_1_225' title='bbox 717 3061 1023 3128; x_wconf 83' lang='lat' dir='ltr'><strong>Fortasse</strong></span> <span class='ocrx_word' id='word_1_226' title='bbox 1089 3062 1528 3129; x_wconf 87' lang='lat' dir='ltr'><strong>scribendum:</strong></span> <span class='ocrx_word' id='word_1_227' title='bbox 1591 3056 1783 3126; x_wconf 78' lang='grc' dir='ltr'><strong><em>οὔπω</em></strong></span> <span class='ocrx_word' id='word_1_228' title='bbox 1847 3059 2188 3145; x_wconf 87' lang='grc' dir='ltr'><strong><em>γέγραφας</em></strong></span> <span class='ocrx_word' id='word_1_229' title='bbox 2242 3060 2496 3139; x_wconf 86' lang='grc' dir='ltr'><strong><em>οἰκέτας</em></strong></span> <span class='ocrx_word' id='word_1_230' title='bbox 2550 3059 2639 3148; x_wconf 85' lang='grc' dir='ltr'><strong><em>μὴ</em></strong></span> 
     </span>
     <span class='ocr_line' id='line_1_27' title="bbox 349 3163 1791 3254; baseline 0 -22"><span class='ocrx_word' id='word_1_231' title='bbox 349 3163 632 3250; x_wconf 80' lang='grc' dir='ltr'><strong><em>μεθύειν</em></strong></span> <span class='ocrx_word' id='word_1_232' title='bbox 676 3163 718 3253; x_wconf 82' lang='grc' dir='ltr'>ἤ</span> <span class='ocrx_word' id='word_1_233' title='bbox 765 3191 828 3233; x_wconf 92' lang='grc' dir='ltr'><strong><em>τι</em></strong></span> <span class='ocrx_word' id='word_1_234' title='bbox 875 3163 1137 3254; x_wconf 80' lang='grc' dir='ltr'><strong><em>ὅμοιον,</em></strong></span> <span class='ocrx_word' id='word_1_235' title='bbox 1183 3163 1272 3246; x_wconf 79' lang='grc' dir='ltr'><strong><em>ὥς</em></strong></span> <span class='ocrx_word' id='word_1_236' title='bbox 1317 3171 1613 3252; x_wconf 83' lang='grc' dir='ltr'><strong><em>ἔγραψας</em></strong></span> <span class='ocrx_word' id='word_1_237' title='bbox 1652 3163 1791 3233; x_wconf 78' lang='grc' dir='ltr'><strong><em>Ἀθ.</em></strong></span> 
     </span>
    </p>

    <p class='ocr_par' dir='ltr' id='par_1_4' title="bbox 347 3264 2644 4534">
     <span class='ocr_line' id='line_1_28' title="bbox 527 3264 2641 3362; baseline 0.002 -23"><span class='ocrx_word' id='word_1_238' title='bbox 527 3272 925 3360; x_wconf 83' lang='lat' dir='ltr'><strong>Sequuntur:</strong></span> <span class='ocrx_word' id='word_1_239' title='bbox 971 3272 1376 3360; x_wconf 81' lang='grc' dir='ltr'><strong><em>γελάσαντος</em></strong></span> <span class='ocrx_word' id='word_1_240' title='bbox 1431 3264 1558 3341; x_wconf 81' lang='grc' dir='ltr'><strong><em>οὖν</em></strong></span> <span class='ocrx_word' id='word_1_241' title='bbox 1601 3275 1725 3341; x_wconf 84' lang='grc' dir='ltr'><strong><em>τοῦ</em></strong></span> <span class='ocrx_word' id='word_1_242' title='bbox 1772 3271 2114 3357; x_wconf 88' lang='grc' dir='ltr'><strong><em>Σόλωνος,</em></strong></span> <span class='ocrx_word' id='word_1_243' title='bbox 2161 3272 2561 3362; x_wconf 76' lang='grc' dir='ltr'><strong><em>Κλεόδωρος</em></strong></span> <span class='ocrx_word' id='word_1_244' title='bbox 2606 3272 2641 3344; x_wconf 88' lang='grc' dir='ltr'>ὁ</span> 
     </span>
     <span class='ocr_line' id='line_1_29' title="bbox 350 3375 2643 3473; baseline 0.002 -29"><span class='ocrx_word' id='word_1_245' title='bbox 350 3375 574 3466; x_wconf 89' lang='grc' dir='ltr'><strong><em>ἰατρὸς</em></strong></span> <span class='ocrx_word' id='word_1_246' title='bbox 619 3376 795 3448; x_wconf 48' lang='grc' dir='ltr'><strong><em>(ἀλλ’</em></strong></span> <span class='ocrx_word' id='word_1_247' title='bbox 847 3379 1112 3468; x_wconf 83' lang='grc' dir='ltr'><strong><em>ὅμοιον’</em></strong></span> <span class='ocrx_word' id='word_1_248' title='bbox 1159 3385 1286 3468; x_wconf 82' lang='grc' dir='ltr'><strong><em>ἔφη</em></strong></span> <span class='ocrx_word' id='word_1_249' title='bbox 1336 3378 1440 3448; x_wconf 59' lang='grc' dir='ltr'><strong><em>ετὸ</em></strong></span> <span class='ocrx_word' id='word_1_250' title='bbox 1491 3381 1927 3467; x_wconf 70' lang='grc' dir='ltr'><strong><em>ξηραλοιφεῖν</em></strong></span> <span class='ocrx_word' id='word_1_251' title='bbox 1963 3383 2053 3470; x_wconf 75' lang='grc' dir='ltr'><strong><em>τῷ</em></strong></span> <span class='ocrx_word' id='word_1_252' title='bbox 2093 3385 2318 3447; x_wconf 82' lang='grc' dir='ltr'><strong><em>λαλεῖν</em></strong></span> <span class='ocrx_word' id='word_1_253' title='bbox 2358 3380 2433 3448; x_wconf 81' lang='grc' dir='ltr'><strong><em>ἐν</em></strong></span> <span class='ocrx_word' id='word_1_254' title='bbox 2481 3390 2643 3473; x_wconf 78' lang='grc' dir='ltr'><strong><em>οἰνςο</em></strong></span> 
     </span>
     <span class='ocr_line' id='line_1_30' title="bbox 347 3480 2643 3576; baseline 0.001 -24"><span class='ocrx_word' id='word_1_255' title='bbox 347 3483 782 3573; x_wconf 80' lang='grc' dir='ltr'><strong><em>βρεχόμενον·</em></strong></span> <span class='ocrx_word' id='word_1_256' title='bbox 837 3485 1117 3574; x_wconf 78' lang='grc' dir='ltr'><strong><em>ἥδιστον</em></strong></span> <span class='ocrx_word' id='word_1_257' title='bbox 1171 3485 1298 3573; x_wconf 88' lang='grc' dir='ltr'><strong><em>γάρ</em></strong></span> <span class='ocrx_word' id='word_1_258' title='bbox 1346 3486 1533 3554; x_wconf 81' lang='grc' dir='ltr'><strong><em>ἐστι.’</em></strong></span> <span class='ocrx_word' id='word_1_259' title='bbox 1588 3485 1701 3552; x_wconf 84' lang='grc' dir='ltr'><strong><em>καὶ</em></strong></span> <span class='ocrx_word' id='word_1_260' title='bbox 1747 3481 1784 3552; x_wconf 87' lang='grc' dir='ltr'>ὁ</span> <span class='ocrx_word' id='word_1_261' title='bbox 1833 3489 2059 3551; x_wconf 86' lang='grc' dir='ltr'><strong><em>Χίλων</em></strong></span> <span class='ocrx_word' id='word_1_262' title='bbox 2104 3480 2469 3572; x_wconf 73' lang='grc' dir='ltr'><strong><em>ὑπολαβὼν</em></strong></span> <span class='ocrx_word' id='word_1_263' title='bbox 2516 3491 2643 3576; x_wconf 84' lang='grc' dir='ltr'><strong><em>ἔφη</em></strong></span> 
     </span>
     <span class='ocr_line' id='line_1_31' title="bbox 350 3587 2643 3680; baseline 0.003 -23"><span class='ocrx_word' id='word_1_264' title='bbox 350 3589 487 3659; x_wconf 57' lang='grc' dir='ltr'><strong><em>*διὰ</em></strong></span> <span class='ocrx_word' id='word_1_265' title='bbox 540 3591 740 3661; x_wconf 86' lang='grc' dir='ltr'><strong><em>τοῦτό</em></strong></span> <span class='ocrx_word' id='word_1_266' title='bbox 795 3619 899 3662; x_wconf 92' lang='grc' dir='ltr'><strong><em>τοι</em></strong></span> <span class='ocrx_word' id='word_1_267' title='bbox 955 3595 1210 3680; x_wconf 80' lang='grc' dir='ltr'><strong><em>μᾶλλον</em></strong></span> <span class='ocrx_word' id='word_1_268' title='bbox 1269 3589 1594 3678; x_wconf 74' lang='grc' dir='ltr'><strong><em>ἀφεκτέον</em></strong></span> <span class='ocrx_word' id='word_1_269' title='bbox 1650 3587 1902 3658; x_wconf 83' lang='grc' dir='ltr'><strong><em>αὐτοῦ.’</em></strong></span> <span class='ocrx_word' id='word_1_270' title='bbox 1964 3589 2169 3658; x_wconf 89' lang='grc' dir='ltr'><strong><em>πάλιν</em></strong></span> <span class='ocrx_word' id='word_1_271' title='bbox 2223 3589 2287 3659; x_wconf 78' lang='grc' dir='ltr'><strong><em>δ’</em></strong></span> <span class='ocrx_word' id='word_1_272' title='bbox 2340 3589 2375 3660; x_wconf 88' lang='grc' dir='ltr'>ὁ</span> <span class='ocrx_word' id='word_1_273' title='bbox 2428 3601 2643 3663; x_wconf 78' lang='grc' dir='ltr'><strong><em>Αἴσω-</em></strong></span> 
     </span>
     <span class='ocr_line' id='line_1_32' title="bbox 353 3695 2643 3789; baseline 0.001 -24"><span class='ocrx_word' id='word_1_274' title='bbox 353 3720 477 3777; x_wconf 86' lang='grc' dir='ltr'><strong><em>πος</em></strong></span> <span class='ocrx_word' id='word_1_275' title='bbox 523 3699 655 3766; x_wconf 59' lang='grc' dir='ltr'><strong><em>εκαὶ</em></strong></span> <span class='ocrx_word' id='word_1_276' title='bbox 701 3697 861 3786; x_wconf 82' lang='grc' dir='ltr'><strong><em>μὴν’</em></strong></span> <span class='ocrx_word' id='word_1_277' title='bbox 908 3703 1036 3786; x_wconf 81' lang='grc' dir='ltr'><strong><em>ἔφη</em></strong></span> <span class='ocrx_word' id='word_1_278' title='bbox 1086 3700 1332 3786; x_wconf 59' lang='grc' dir='ltr'><strong><em>εΘαλῆς</em></strong></span> <span class='ocrx_word' id='word_1_279' title='bbox 1379 3699 1609 3780; x_wconf 79' lang='grc' dir='ltr'><strong><em>ἔδοξεν</em></strong></span> <span class='ocrx_word' id='word_1_280' title='bbox 1654 3702 1894 3783; x_wconf 79' lang='grc' dir='ltr'><strong><em>εἰπεῖν,</em></strong></span> <span class='ocrx_word' id='word_1_281' title='bbox 1952 3695 2055 3765; x_wconf 80' lang='grc' dir='ltr'><strong><em>ὅτι</em></strong></span> <span class='ocrx_word' id='word_1_282' title='bbox 2107 3696 2381 3787; x_wconf 88' lang='grc' dir='ltr'><strong><em>τάχιστα</em></strong></span> <span class='ocrx_word' id='word_1_283' title='bbox 2440 3701 2643 3789; x_wconf 87' lang='grc' dir='ltr'><strong><em>γηρά-</em></strong></span> 
     </span>
     <span class='ocr_line' id='line_1_33' title="bbox 352 3805 2640 3894; baseline 0.003 -24"><span class='ocrx_word' id='word_1_284' title='bbox 352 3805 495 3870; x_wconf 81' lang='grc' dir='ltr'><strong><em>σει.’</em></strong></span> <span class='ocrx_word' id='word_1_285' title='bbox 577 3805 931 3874; x_wconf 83' lang='lat' dir='ltr'><strong>Cleodorus</strong></span> <span class='ocrx_word' id='word_1_286' title='bbox 985 3808 1270 3874; x_wconf 80' lang='lat' dir='ltr'><strong>indicare</strong></span> <span class='ocrx_word' id='word_1_287' title='bbox 1315 3809 1487 3894; x_wconf 85' lang='lat' dir='ltr'><strong>vult,</strong></span> <span class='ocrx_word' id='word_1_288' title='bbox 1542 3830 1833 3893; x_wconf 85' lang='lat' dir='ltr'><strong>causam,</strong></span> <span class='ocrx_word' id='word_1_289' title='bbox 1888 3807 1965 3872; x_wconf 90' lang='lat' dir='ltr'><strong>de</strong></span> <span class='ocrx_word' id='word_1_290' title='bbox 2012 3829 2141 3892; x_wconf 90' lang='lat' dir='ltr'><strong><em>qua</em></strong></span> <span class='ocrx_word' id='word_1_291' title='bbox 2186 3806 2388 3875; x_wconf 84' lang='lat' dir='ltr'><strong>Solon</strong></span> <span class='ocrx_word' id='word_1_292' title='bbox 2436 3812 2640 3876; x_wconf 85' lang='lat' dir='ltr'><strong>servis</strong></span> 
     </span>
     <span class='ocr_line' id='line_1_34' title="bbox 350 3913 2644 4003; baseline 0.003 -28"><span class='ocrx_word' id='word_1_293' title='bbox 350 3913 679 3978; x_wconf 84' lang='lat' dir='ltr'><strong>amoribus</strong></span> <span class='ocrx_word' id='word_1_294' title='bbox 745 3919 811 3980; x_wconf 91' lang='lat' dir='ltr'><strong>et</strong></span> <span class='ocrx_word' id='word_1_295' title='bbox 876 3917 1046 3982; x_wconf 86' lang='lat' dir='ltr'><strong>sicca</strong></span> <span class='ocrx_word' id='word_1_296' title='bbox 1109 3915 1415 3982; x_wconf 90' lang='lat' dir='ltr'><strong>unctione</strong></span> <span class='ocrx_word' id='word_1_297' title='bbox 1485 3915 1955 4000; x_wconf 80' lang='lat' dir='ltr'><strong>interdixisset,</strong></span> <span class='ocrx_word' id='word_1_298' title='bbox 2019 3915 2418 4001; x_wconf 83' lang='lat' dir='ltr'><strong>voluptatem</strong></span> <span class='ocrx_word' id='word_1_299' title='bbox 2482 3939 2644 4003; x_wconf 90' lang='lat' dir='ltr'><strong>esse,</strong></span> 
     </span>
     <span class='ocr_line' id='line_1_35' title="bbox 353 4017 2643 4106; baseline 0.003 -24"><span class='ocrx_word' id='word_1_300' title='bbox 353 4017 534 4082; x_wconf 88' lang='lat' dir='ltr'><strong>cuius</strong></span> <span class='ocrx_word' id='word_1_301' title='bbox 580 4018 649 4082; x_wconf 88' lang='lat' dir='ltr'><strong><em>in</em></strong></span> <span class='ocrx_word' id='word_1_302' title='bbox 693 4020 886 4085; x_wconf 85' lang='lat' dir='ltr'><strong>rebus</strong></span> <span class='ocrx_word' id='word_1_303' title='bbox 932 4023 1062 4087; x_wconf 91' lang='lat' dir='ltr'><strong>illis</strong></span> <span class='ocrx_word' id='word_1_304' title='bbox 1109 4021 1396 4087; x_wconf 83' lang='lat' dir='ltr'><strong>fruendis</strong></span> <span class='ocrx_word' id='word_1_305' title='bbox 1451 4022 1804 4106; x_wconf 81' lang='lat' dir='ltr'><strong>participes</strong></span> <span class='ocrx_word' id='word_1_306' title='bbox 1862 4042 2079 4086; x_wconf 80' lang='lat' dir='ltr'><strong>servos</strong></span> <span class='ocrx_word' id='word_1_307' title='bbox 2126 4043 2265 4086; x_wconf 87' lang='lat' dir='ltr'><strong>esse</strong></span> <span class='ocrx_word' id='word_1_308' title='bbox 2309 4021 2643 4089; x_wconf 88' lang='lat' dir='ltr'><strong>noluisset.</strong></span> 
     </span>
     <span class='ocr_line' id='line_1_36' title="bbox 349 4122 2641 4215; baseline 0.003 -25"><span class='ocrx_word' id='word_1_309' title='bbox 349 4123 432 4190; x_wconf 83' lang='lat' dir='ltr'><strong><em>cf.</em></strong></span> <span class='ocrx_word' id='word_1_310' title='bbox 481 4122 694 4190; x_wconf 85' lang='lat' dir='ltr'><strong>Solon.</strong></span> <span class='ocrx_word' id='word_1_311' title='bbox 747 4129 802 4190; x_wconf 88' lang='lat'><strong><em>1.</em></strong></span> <span class='ocrx_word' id='word_1_312' title='bbox 872 4126 1050 4193; x_wconf 83' lang='lat' dir='ltr'><strong>Dicit</strong></span> <span class='ocrx_word' id='word_1_313' title='bbox 1092 4128 1293 4213; x_wconf 87' lang='lat' dir='ltr'><strong>igitur</strong></span> <span class='ocrx_word' id='word_1_314' title='bbox 1337 4122 1482 4192; x_wconf 79' lang='grc' dir='ltr'><strong><em>ἀλλ’</em></strong></span> <span class='ocrx_word' id='word_1_315' title='bbox 1535 4123 1775 4213; x_wconf 83' lang='grc' dir='ltr'><strong><em>ὅμοιον</em></strong></span> <span class='ocrx_word' id='word_1_316' title='bbox 1820 4165 1896 4174; x_wconf 94' lang='lat'><strong><em>--</em></strong></span> <span class='ocrx_word' id='word_1_317' title='bbox 1938 4127 2039 4215; x_wconf 76' lang='grc' dir='ltr'><strong><em>τῷ</em></strong></span> <span class='ocrx_word' id='word_1_318' title='bbox 2080 4125 2511 4212; x_wconf 77' lang='grc' dir='ltr'><strong><em>ξηραλοιφεῖν</em></strong></span> <span class='ocrx_word' id='word_1_319' title='bbox 2556 4127 2641 4196; x_wconf 85' lang='grc' dir='ltr'><strong><em>τὸ</em></strong></span> 
     </span>
     <span class='ocr_line' id='line_1_37' title="bbox 349 4229 2641 4321; baseline 0.002 -25"><span class='ocrx_word' id='word_1_320' title='bbox 349 4235 577 4298; x_wconf 90' lang='grc' dir='ltr'><strong><em>λαλεῖν</em></strong></span> <span class='ocrx_word' id='word_1_321' title='bbox 622 4231 699 4298; x_wconf 82' lang='grc' dir='ltr'><strong><em>ἐν</em></strong></span> <span class='ocrx_word' id='word_1_322' title='bbox 745 4237 908 4321; x_wconf 78' lang='grc' dir='ltr'><strong><em>οῖνςο</em></strong></span> <span class='ocrx_word' id='word_1_323' title='bbox 953 4229 1379 4319; x_wconf 85' lang='grc' dir='ltr'><strong><em>βρεχόμενον.</em></strong></span> <span class='ocrx_word' id='word_1_324' title='bbox 1461 4233 1564 4300; x_wconf 87' lang='lat' dir='ltr'><strong><em>Ita</em></strong></span> <span class='ocrx_word' id='word_1_325' title='bbox 1611 4235 1782 4300; x_wconf 79' lang='lat' dir='ltr'><strong>enim</strong></span> <span class='ocrx_word' id='word_1_326' title='bbox 1830 4254 1975 4298; x_wconf 89' lang='lat' dir='ltr'><strong><em>cum</em></strong></span> <span class='ocrx_word' id='word_1_327' title='bbox 2018 4231 2313 4318; x_wconf 83' lang='lat' dir='ltr'><strong>Patzigio</strong></span> <span class='ocrx_word' id='word_1_328' title='bbox 2362 4234 2641 4301; x_wconf 86' lang='lat' dir='ltr'><strong>scriben-</strong></span> 
     </span>
     <span class='ocr_line' id='line_1_38' title="bbox 355 4336 2641 4427; baseline 0.003 -24"><span class='ocrx_word' id='word_1_329' title='bbox 355 4337 524 4405; x_wconf 88' lang='lat' dir='ltr'><strong>dum.</strong></span> <span class='ocrx_word' id='word_1_330' title='bbox 597 4337 786 4407; x_wconf 81' lang='lat' dir='ltr'><strong>Chilo</strong></span> <span class='ocrx_word' id='word_1_331' title='bbox 835 4343 1053 4408; x_wconf 88' lang='lat' dir='ltr'><strong>autem</strong></span> <span class='ocrx_word' id='word_1_332' title='bbox 1102 4362 1286 4405; x_wconf 88' lang='lat' dir='ltr'><strong>suam</strong></span> <span class='ocrx_word' id='word_1_333' title='bbox 1325 4341 1713 4407; x_wconf 88' lang='lat' dir='ltr'><strong>sententiam</strong></span> <span class='ocrx_word' id='word_1_334' title='bbox 1752 4336 1839 4427; x_wconf 75' lang='lat' dir='ltr'><strong><em>(V.</em></strong></span> <span class='ocrx_word' id='word_1_335' title='bbox 1876 4339 2071 4423; x_wconf 87' lang='lat' dir='ltr'><strong>paulo</strong></span> <span class='ocrx_word' id='word_1_336' title='bbox 2118 4342 2268 4404; x_wconf 82' lang='lat' dir='ltr'><strong>ante</strong></span> <span class='ocrx_word' id='word_1_337' title='bbox 2316 4337 2387 4427; x_wconf 92' lang='lat' dir='ltr'><strong><em>b)</em></strong></span> <span class='ocrx_word' id='word_1_338' title='bbox 2426 4343 2641 4409; x_wconf 86' lang='lat' dir='ltr'><strong>animo</strong></span> 
     </span>
     <span class='ocr_line' id='line_1_39' title="bbox 350 4441 2643 4534; baseline 0.002 -23"><span class='ocrx_word' id='word_1_339' title='bbox 350 4447 616 4513; x_wconf 82' lang='lat' dir='ltr'><strong>volvens</strong></span> <span class='ocrx_word' id='word_1_340' title='bbox 661 4446 744 4512; x_wconf 83' lang='lat' dir='ltr'><strong><em>ad</em></strong></span> <span class='ocrx_word' id='word_1_341' title='bbox 779 4467 926 4524; x_wconf 82' lang='lat' dir='ltr'><strong>eam</strong></span> <span class='ocrx_word' id='word_1_342' title='bbox 963 4447 1122 4517; x_wconf 82' lang='lat' dir='ltr'><strong>haec</strong></span> <span class='ocrx_word' id='word_1_343' title='bbox 1160 4446 1384 4534; x_wconf 81' lang='lat' dir='ltr'><strong>exigit:</strong></span> <span class='ocrx_word' id='word_1_344' title='bbox 1433 4441 1546 4512; x_wconf 74' lang='grc' dir='ltr'><strong><em>διὰ</em></strong></span> <span class='ocrx_word' id='word_1_345' title='bbox 1581 4441 1782 4512; x_wconf 82' lang='grc' dir='ltr'><strong><em>τοῦτό</em></strong></span> <span class='ocrx_word' id='word_1_346' title='bbox 1817 4469 1921 4512; x_wconf 92' lang='grc' dir='ltr'><strong><em>τοι</em></strong></span> <span class='ocrx_word' id='word_1_347' title='bbox 1958 4447 2029 4530; x_wconf 88' lang='lat' dir='ltr'><strong><em>(i.</em></strong></span> <span class='ocrx_word' id='word_1_348' title='bbox 2064 4469 2116 4512; x_wconf 90' lang='lat' dir='ltr'><strong>e.</strong></span> <span class='ocrx_word' id='word_1_349' title='bbox 2152 4441 2431 4532; x_wconf 77' lang='grc' dir='ltr'><strong><em>ἥδιστον</em></strong></span> <span class='ocrx_word' id='word_1_350' title='bbox 2470 4443 2643 4515; x_wconf 85' lang='grc' dir='ltr'><strong><em>εἶναι</em></strong></span> 
     </span>
    </p>
   </div>
  </div>
 </body>
</html>
