3200 5175
1407 362 1487 377 --
1585 328 1889 393 109-

497 500 714 594 ὥσπερ
740 502 817 575 τὸ
845 509 1311 575 καταπίνειν
1337 508 1428 596 τῷ
1456 508 1701 589 πίνειν,
1730 506 1841 575 καὶ
1860 503 1935 575 τὸ
1958 501 2364 575 ἀνακύπτειν
2383 509 2474 599 τῷ
2493 505 2785 577 κύπτειν.

495 616 730 681 Mirum
777 618 846 681 in
891 616 1156 683 modum
1199 616 1294 681 ita
1339 615 1548 683 adhuc
1593 615 1805 681 editur
1840 617 2023 684 loeus
2060 617 2145 683 ad
2181 618 2652 685 emendandum
2689 620 2783 683 fa:-

495 726 770 791 cillimus
825 728 1018 809 atque
1077 724 1232 790 olim
1280 722 1677 790 emendatus,
1758 721 1909 789 Sine
1955 746 2139 789 mora
2184 725 2593 795 scribendum
2638 748 2785 793 oum

493 831 786 898 Reiekio:
833 826 1054 917 ὥσπερ
1097 832 1188 919 τῷ
1235 832 1623 897 καταπίνειν
1668 826 1743 897 τὸ
1790 832 2041 913 πίνειν,
2086 828 2197 897 καὶ
2242 832 2335 920 τῷ
2380 827 2785 899 ἀνακύπτειν

491 934 568 1005 τὸ
614 935 888 1005 κύπτειν
932 938 1146 1003 intell:
1203 932 1448 1019 ἄλλως,
1505 937 1660 1020 δίχα
1704 938 1829 1001 τοῦ
1870 932 2283 1021 πράγματος,
2339 936 2784 1006 συντέτακται.

493 1044 634 1111 Abs
680 1067 768 1129 re,
813 1044 1067 1111 dicebat
1109 1044 1413 1129 medicus,
1459 1040 1659 1127 λιμόν
1696 1045 2011 1110 vocabulo
2049 1043 2376 1129 βούλιμον
2412 1046 2785 1114 adiunctum

493 1153 636 1231 fuit,
679 1155 756 1243 1111
793 1154 1014 1217 πίνειν
1051 1151 1245 1217 verbo
1283 1153 1669 1220 καταπίνειν
1708 1155 1775 1216 ei:
1808 1147 2080 1217 κύπτειν
2115 1152 2315 1221 verbo
2351 1146 2783 1237 ἀνακύπτειν,

495 1263 570 1327 ut
617 1260 788 1326 enim
833 1259 904 1323 in
958 1258 1064 1326 his
1121 1252 1252 1323 ἄνα
1306 1293 1376 1305 ·--
1431 1262 1498 1323 et
1541 1281 1707 1323 κατα
1760 1293 1831 1305 —-
1884 1280 2026 1323 rem
2067 1260 2277 1345 ipsam
2322 1261 2545 1344 potius
2590 1260 2783 1345 signi-

493 1367 719 1450 ficant,
772 1366 866 1431 ita
909 1365 979 1432 in
1025 1360 1418 1449 βούλιμον
1461 1387 1587 1431 vox
1632 1361 1833 1449 λιμόν
1876 1366 2011 1429 fere
2058 1367 2271 1433 otiosa
2316 1370 2432 1436 est,
2520 1366 2785 1434 Fundus

491 1473 854 1539 sententiae
889 1474 1015 1536 est:
1063 1466 1284 1556 ὥσπερ
1321 1466 1448 1557 γὰρ
1486 1466 1641 1537 οὔτε
1676 1473 2220 1549 καταπίνοντες
2254 1476 2592 1557 πίνομεν
2632 1467 2786 1537 οὔτε

493 1574 1060 1655 ἀνακύπτοντες
1122 1575 1554 1661 κύπτομεν,
1622 1572 1784 1643 ἄλλο
1852 1577 1932 1645 δέ
1989 1602 2053 1643 τι
2116 1580 2373 1662 μᾶλλον
2434 1578 2785 1663 ποιοῦμεν·

495 1680 670 1751 οὕτω
707 1682 820 1749 καὶ
863 1686 1244 1769 βουλιμία
1291 1678 1374 1748 ού
1422 1680 1649 1769 λιμός
1694 1682 1855 1766 ε’στι,
1900 1678 2067 1750 ἀλλὰ
2112 1681 2334 1762 πάθος
2376 1689 2511 1754 κτλ.
2590 1686 2672 1751 In
2715 1708 2785 1750 re

493 1792 830 1877 perspicua
874 1792 1147 1858 aliorum
1191 1792 1616 1876 interpretum
1664 1795 2029 1857 commenta
2076 1791 2235 1857 satis
2282 1797 2383 1859 est
2426 1794 2740 1860 omittere.

676 1934 752 1969 τ·-
791 1898 908 1984 ΙΧ,
953 1899 995 1963 2
1043 1895 1132 1985 (Ρ.
1171 1899 1300 1965 696
1328 1896 1402 1985 b)
1451 1898 1649 1965 seribz
1696 1892 1849 1982 ἅμα
1896 1898 1937 1963 δ
1950 1894 1981 1962 ὲ
2028 1895 2173 1985 (pro
2218 1894 2419 1985 ἀλλὰ)
2466 1893 2561 1964 δι’
2610 1897 2787 1984 ὁμοι-

497 2003 697 2090 ότητα
731 2006 868 2074 τῶν
903 2007 1127 2090 μερῶν
1165 2000 1664 2090 εὐάρμοστόν
1702 2002 1857 2090 (hoo
1894 2026 2039 2071 cum
2078 2002 2326 2091 Steph.)
2366 2004 2521 2072 ἐστι.
2579 2005 2785 2074 Paulo

501 2117 649 2185 aute
686 2112 1070 2180 Duebnerus
1115 2133 1232 2195 pro
1278 2106 1721 2196 ἄκράτητον
1766 2112 1943 2180 dedit
1978 2106 2542 2197 ἀκρατότατον·
2589 2108 2787 2198 ἄκρα-

495 2242 617 2285 τον
661 2220 824 2285 satis
869 2223 986 2285 θεὲ.

669 2326 810 2394 Lib.
847 2325 994 2411 VII,
1037 2325 1120 2410 ΙΙ,
1162 2327 1196 2391 1
1245 2324 1335 2411 (Ρ.
1376 2324 1617 2413 700d):
1662 2324 1737 2391 ἐν
1780 2322 2043 2403 τούτοις
2088 2322 2216 2413 γὰρ
2260 2324 2370 2395 καὶ
2416 2328 2515 2416 τῷ
2562 2351 2787 2426 nepa*-

493 2429 754 2521 σβόλῳ
807 2432 944 2500 τῶν
1001 2429 1396 2519 σπερμάτων
1451 2435 1841 2517 προτίθεται
1896 2435 2166 2518 πρᾶγμα
2208 2437 2435 2500 πίστιν
2482 2436 2637 2518 ἔχον
2683 2430 2786 2500 ὅτι

491 2542 810 2624 γίγνεται,
856 2534 980 2624 τὴν
1027 2536 1091 2606 δ’
1135 2541 1356 2609 αἰτίαν
1393 2542 1549 2625 ἔχον
1587 2534 1867 2625 ἄπορον.
1930 2538 2137 2626 Wytt.
2177 2541 2477 2608 coniecit:
2522 2544 2786 2626 προστί-

495 2653 692 2712 θεται
737 2641 827 2724 ὥς
869 2644 1204 2733 πράγματι
1249 2650 1473 2712 πίστιν
1517 2649 1737 2731 ἔχοντι
1786 2642 1887 2712 ὅτι
1929 2651 2249 2731 γίγνεται,
2292 2643 2415 2732 τὴν
2455 2645 2529 2713 δὲ
2564 2649 2787 2715 αἰτίαν

493 2747 716 2838 εὑρεῖν
789 2748 1078 2837 ἄπορον,
1151 2755 1253 2819 vel
1315 2749 1707 2821 ὑποτίθεται
1770 2749 1850 2819 τὰ
1914 2751 2304 2838 κερασβόλα.
2402 2753 2785 2822 Duebnerus

493 2861 780 2944 scripsit:
839 2855 920 2926 τὰ
979 2857 1353 2945 κερασβόλα
1403 2897 1480 2908 -—-
1539 2864 1975 2946 προστίθεται
2035 2855 2179 2942 [ὡς]
2240 2861 2510 2948 πρᾶγμα
2564 2859 2653 2930 κέ.
2699 2900 2787 2911 -
2831 2895 2835 2899 ·

493 2964 913 3032 Scribendum
957 2971 1143 3052 puto:
1191 2965 1264 3031 ἐν
1308 2963 1575 3044 τούτοις
1618 2964 1745 3054 γὰρ
1792 2965 1905 3032 καὶ
1947 2963 2029 3032 τὰ
2065 2965 2439 3054 κερασβόλα
2482 3007 2557 3016 -
2599 2991 2785 3055 προ-

493 3076 803 3140 τίθεται
853 3071 968 3156 (=
997 3070 1411 3158 προβάλλει),
1456 3074 1731 3159 πρᾶγμα
1776 3071 1866 3139 κὲ.
1913 3075 2081 3142 inter
2126 3098 2289 3160 quae
2336 3077 2532 3142 etiam
2568 3078 2786 3142 keras-

493 3181 645 3246 bola
692 3181 940 3246 semina
985 3181 1290 3266 proponit
1333 3179 1542 3264 nobis,
1585 3201 1723 3246 rem
1770 3181 2033 3266 scilicet,
2079 3203 2241 3266 quae
2288 3182 2550 3266 quidem
2594 3182 2787 3248 fidem

492 3287 732 3353 habeat
777 3291 894 3355 eto.

677 3431 752 3442 --
793 3394 874 3478 V,
911 3396 953 3459 2
993 3394 1080 3480 (Ρ.
1123 3396 1250 3462 705
1278 3395 1352 3482 b)
1391 3396 1590 3462 scrib.
1638 3373 1941 3480 ἐλευθερΙ
1946 3419 2029 3460 ου
2076 3396 2419 3480 διατριβῆς
2454 3418 2575 3481 pro
2612 3394 2785 3461 ἐλευ-

493 3501 723 3587 θέρου.
797 3502 876 3566 cf.
920 3524 981 3584 p.
1031 3502 1158 3566 706
1188 3524 1249 3567 c·
1309 3513 1454 3578 ταῖς
1499 3500 1937 3587 ἐλευθερίαις
1988 3539 2065 3550 --
2116 3505 2630 3587 μουσομανίαις,
2674 3503 2788 3568 ubi

494 3609 770 3676 fortasse
823 3610 1140 3693 praestat:
1205 3605 1631 3693 ἐλευθερίοις.
1724 3607 1931 3676 5111111.
1975 3608 2163 3677 Rom.
2210 3611 2277 3674 6.
2344 3609 2629 3686 διαίταις
2676 3608 2790 3675 καὶ

493 3716 864 3798 διατριβαῖς
918 3713 1342 3798 ἐλευθερίοις.
1433 3715 1743 3783 Themist.
1790 3717 1849 3782 2.
1910 3715 2101 3783 Dion.
2147 3716 2217 3782 9.
2282 3718 2377 3793 είς
2438 3713 2787 3803 διατριβὰς

495 3819 938 3910 ἐλευθερίους.

672 3967 756 3980 -—
803 3931 883 4016 V,
929 3931 974 3996 4
1019 3930 1108 4017 (p.
1161 3932 1287 3998 706
1317 3929 1408 4018 f):
1462 3848 1999 4018 παραβάλλοντες
2052 3926 2231 4020 ᾠδὰς
2286 3929 2401 3997 καὶ
2452 3927 2786 4015 ποιήματα

493 4036 603 4105 καὶ
676 4034 920 4122 λόγους
991 4035 1288 4114 κενούς.
1390 4037 1601 4122 Wytt.
1674 4061 1791 4123 pro
1864 4039 2085 4123 inepto
2159 4035 2441 4114 κενούς
2512 4039 2789 4104 coniecit

496 4141 797 4228 σεμνούς.
897 4144 1061 4210 Mihi
1123 4146 1378 4210 videtur
1441 4145 1853 4210 scribendum
1918 4167 2085 4211 esse:
2153 4142 2397 4230 λόγους
2458 4142 2791 4222 κοινούς

497 4251 717 4334 quales
781 4251 1168 4317 conviviales
1235 4255 1390 4317 erat.
1491 4249 1696 4318 simil.
1750 4274 1811 4334 p.
1858 4253 1991 4316 480
2027 4253 2097 4316 b:
2160 4250 2271 4316 καὶ
2324 4248 2569 4335 λόγους
2622 4275 2787 4317 κοι-

495 4352 684 4434 νοὺς
753 4354 866 4422 καὶ
930 4354 1274 4444 διατριβὰς
1321 4395 1404 4407 --
1452 4353 1589 4442 μετ’
1642 4351 1952 4442 ἀλλήλων
2024 4359 2298 4440 ἔχοντες.
2400 4359 2612 4423 64310:
2676 4357 2789 4424 καὶ

492 4458 670 4550 λόγῳ
715 4464 956 4553 κοινῷ
1001 4460 1167 4551 πρὸς
1211 4458 1541 4548 ἀλλήλους
1585 4458 1903 4550 χρώμεθα
1948 4459 2058 4528 καὶ
2106 4456 2251 4552 ᾠδῇ
2298 4461 2391 4529 κὲ.
