3200 5175
1280 332 1713 399 ,75-

343 532 488 575 rum
531 510 932 577 Elutarchus
988 511 1417 577 libentissime
1478 514 1546 575 el,
1599 512 1976 597 saepissime
2021 512 2228 579 utitur
2268 512 2646 579 nominibus

347 618 417 682 in
450 654 526 665 --
553 641 648 701 μα
675 616 1078 703 exeuntibus,
1098 638 1370 703 quorum
1397 617 1713 683 nonnulla
1738 613 1910 696 ἅπαξ
1938 616 2253 703 εἰρημένα
2274 622 2443 703 suni,
2470 619 2649 685 velut

344 719 766 810 ἐκθάρσημα,
813 722 1090 809 ἐπίταμα
1103 772 1124 807 ,
1168 718 1625 809 ὑποπέττευμα
1640 771 1659 806 ,
1706 717 2045 810 ὀΐστευμα,
2094 724 2409 811 τέρασμα,
2452 720 2646 791 ἀπό-

254 833 259 841 “
337 854 542 915 χημα,
570 825 933 919 σύμμιγμα.
991 828 1116 897 Sed
1145 831 1224 896 de
1251 852 1320 895 re
1348 854 1468 916 per
1503 852 1572 897 se
1609 832 1754 916 ipsa
1790 832 1967 897 clara
1991 833 2183 915 plura
2209 834 2409 899 verba
2434 832 2645 899 facere

347 936 741 1022 superfluum
787 940 904 1004 est.
993 936 1250 1003 Nomen
1296 931 1661 1023 ἆνᾶδομα
1705 938 1775 1003 in
1820 938 2041 1004 lexicis
2086 939 2517 1007 inserendum.

522 1041 628 1110 De
673 1042 778 1110 EI
824 1040 1010 1127 apud
1054 1041 1374 1127 Delphos
1419 1064 1472 1111 c.
1518 1045 1562 1127 4
1620 1042 1708 1131 (p.
1756 1045 1885 1112 386
1916 1043 2019 1132 d):
2076 1047 2138 1111 εἰ
2180 1041 2307 1131 γὰρ
2354 1042 2645 1132 ὤφελον,

343 1149 556 1235 φησὶν
602 1140 875 1228 ἕκαστος
916 1151 1052 1217 τῶν
1099 1144 1497 1235 εὐχομένων.
1541 1149 1653 1216 καὶ
1692 1144 2097 1237 Ἀρχίλοχος,

522 1278 622 1341 Εἰ
661 1272 810 1362 γὰρ
856 1270 957 1353 ὥς
1001 1272 1174 1360 ἐμοὶ
1220 1274 1484 1358 γένοιτο
1530 1285 1719 1361 χεῖρα
1764 1271 2159 1361 Νεοβούλης
2201 1284 2446 1362 θιγεῖν.

347 1398 456 1466 καὶ
519 1401 642 1467 τοῦ
706 1405 878 1466 εἴθε
939 1397 1064 1485 τὴν
1128 1399 1452 1485 δευτέραν
1505 1398 1851 1485 συλλαβὴν
1903 1399 2359 1487 παρέλκεσθαί
2410 1417 2644 1486 φασιν,

349 1498 498 1574 οἷον
569 1502 644 1573 τὸ
710 1502 1117 1591 Σώφρονος,
1173 1500 1359 1592 Ὅμα
1422 1506 1677 1573 τέκνων
1738 1503 1899 1593 θὴν
1962 1506 2315 1593 δευομένα·
2390 1506 2501 1575 καὶ
2564 1506 2640 1575 τὸ

340 1607 719 1700 Ὁμηρικόν,
1429 1656 1431 1659 <

337 1734 346 1739 ’
676 1798 680 1801 ,
768 1714 883 1798 Ὡς
925 1727 1068 1806 θην
1111 1720 1222 1787 καὶ
1270 1717 1396 1788 σὸν
1441 1717 1568 1805 ἐγὼ
1618 1718 1797 1788 λύσω
1844 1720 2061 1807 μένος.

350 1864 509 1931 Cum
571 1864 1015 1930 demonstrare
1077 1864 1201 1929 sibi
1261 1869 1610 1950 proponam,
1676 1866 1948 1959 alieram
2006 1866 2327 1950 syllabam
2386 1868 2455 1932 in
2503 1875 2647 1935 εἴθε

350 1970 629 2037 otiosam
685 1992 857 2056 esse,
910 1971 1279 2057 exemplum
1323 1971 1680 2057 particulae
1725 1968 1899 2057 θήν,
1960 1973 2038 2038 de
2084 1995 2214 2057 qua
2258 1974 2425 2039 nihil
2470 1974 2648 2060 dixit,

353 2078 557 2144 affert.
636 2076 822 2145 Unde
878 2078 1091 2143 locum
1138 2078 1446 2143 vitiosum
1493 2100 1634 2144 esse
1678 2077 1872 2144 facile
1917 2083 2207 2163 apparet.
2286 2078 2645 2147 Medicinae

355 2184 684 2250 abhibitae
729 2207 866 2250 non
911 2184 1071 2250 satis
1117 2183 1369 2249 faciunt
1415 2205 1619 2269 neque
1664 2184 1793 2251 huc
1839 2188 2153 2269 spectant.
2234 2186 2451 2253 Reisk.
2497 2210 2643 2254 con-

349 2292 522 2358 iecit:
569 2293 632 2356 εἰ
673 2286 801 2376 γὰρ
848 2287 914 2369 ἐξ
961 2288 1107 2375 ἐμοὶ
1153 2288 1434 2374 γένοιτο.
1501 2290 1723 2375 Wytt:
1770 2292 1833 2355 εἰ
1876 2286 2004 2375 γὰρ
2050 2284 2141 2369 ὥς
2174 2289 2323 2376 ἐμοὶ
2359 2292 2645 2376 γένοιτο,

350 2400 603 2465 utinam
667 2398 828 2465 mihi
892 2398 982 2463 sic
1047 2398 1425 2483 obtingant3
1490 2397 1661 2483 quod
1719 2395 2099 2463 Duebnerus
2162 2399 2425 2483 recepit.
2514 2399 2644 2465 Pro

267 2555 270 2557 ψ
351 2502 389 2573 ὅ
399 2530 499 2592 μα
554 2506 703 2571 Bas.
748 2502 831 2569 A.
874 2504 950 2569 Β.
996 2505 1075 2571 D.
1123 2505 1308 2571 dant:
1364 2499 1517 2591 ἅμα.
1582 2502 1745 2571 Cum
1791 2504 1873 2569 lis
1918 2505 2037 2570 sub
2088 2505 2295 2571 iudice
2334 2505 2437 2590 sit,
2482 2506 2645 2570 mihi

353 2636 605 2700 quoque
651 2635 864 2678 meam
908 2613 1345 2678 coniecturam
1385 2634 1776 2698 quamquam
1814 2613 2011 2698 paulo
2052 2613 2461 2681 audaciorem
2496 2637 2644 2698 pro-

352 2742 588 2808 ponere
647 2719 814 2784 liceiz.
913 2718 1218 2785 Fortasse
1279 2721 1444 2786 alius
1503 2721 1835 2786 meliorem
1890 2721 2188 2786 inveniet.
2279 2717 2528 2786 Scribo:
2585 2723 2647 2786 εἰ

351 2825 508 2915 γάρ,
565 2832 709 2892 εἴθε
761 2848 877 2910 μοι
931 2821 1226 2908 γένοιτο,
1282 2847 1408 2910 quo
1455 2827 1798 2913 insequens
1846 2828 2320 2895 animadversio
2367 2827 2479 2894 καὶ
2523 2829 2644 2893 τοῦ

352 2941 493 3000 εἴθε
529 2929 654 3014 τὶν
693 2934 865 2998 δευτ.
903 2937 1086 3000 συλλ.
1118 2930 1578 3018 παρέλκεσθαί
1608 2949 1817 3019 φασιν
1856 2939 2122 3019 spectat.
2177 2934 2451 3001 Deinde:
2492 2925 2640 3000 οἷον

350 3070 423 3143 τὸ
473 3069 852 3159 Σώφρονος
895 3051 1088 3159 ΘΙ-ῙΝ,
1141 3073 1410 3143 Τέκνων
1453 3072 1594 3161 θὴν
1642 3076 1989 3159 δευομένα.
2071 3076 2240 3154 Quid
2277 3078 2447 3142 enim
2478 3078 2645 3144 illud

353 3178 390 3250 ὅ
400 3207 531 3269 μα,
585 3204 705 3267 pro
753 3203 880 3267 quo
927 3181 1237 3250 Valcken.
1283 3177 1417 3271 ὁμᾷ4
1460 3182 1722 3268 scripsit:
1768 3183 1895 3249 sibi
1939 3184 2093 3250 velit
2103 3234 2123 3269 ‚
2174 3183 2469 3270 intellegi
2512 3206 2644 3250 non

351 3293 584 3377 possesss.
693 3287 995 3355 Ceterum
1059 3291 1222 3357 ΟΝᾺ
1285 3288 1399 3376 (-—--=
1465 3288 1626 3376 ομα)
1699 3290 1887 3356 facile
1958 3313 2037 3356 ex
2100 3289 2276 3358 ΘΝΜ
2336 3321 2421 3344 ---
2478 3293 2643 3358 ΘΗΝ

353 3399 532 3466 nasci
568 3399 843 3484 poterat.
909 3395 1135 3482 Itaque
1171 3399 1352 3463 nulla
1389 3397 1735 3463 difficultas
1774 3399 2082 3482 superesi.
2147 3395 2273 3462 Sed
2312 3397 2645 3463 meliorem

353 3504 814 3571 correctionem
861 3506 1173 3571 ambabus
1222 3504 1521 3570 manibus
1569 3505 1938 3590 amplectar.

531 3609 605 3678 C.
635 3612 716 3677 16
747 3611 964 3678 initio:
1009 3611 1142 3697 τῆς
1177 3607 1328 3697 γὰρ
1364 3609 1586 3698 ἕκτης
1624 3611 1750 3678 τοῦ
1775 3609 1937 3677 νέου
1964 3606 2177 3696 μηνὸς
2202 3607 2366 3678 ὅταν
2394 3610 2643 3699 κατάγῃ

352 3715 442 3784 κὲ.
488 3717 746 3804 Cori-ig:
791 3720 872 3805 τῇ
918 3714 1048 3804 γὰρ
1095 3717 1264 3806 ἕκτῃ.
1353 3718 1585 3787 cetera
1630 3741 1765 3786 non
1812 3719 2099 3804 expedio.

531 3823 602 3892 O.
661 3827 742 3892 18
799 3829 968 3892 extr:
1021 3826 1085 3890 εἰ
1137 3821 1200 3891 δ’
1253 3821 1289 3893 ὁ
1336 3822 1538 3906 αὐτὸς
1583 3821 1708 3893 οὐκ
1753 3829 1966 3910 ἔστιν,
2032 3821 2179 3891 οὐδ’
2235 3829 2446 3910 ἔστιν,
2490 3822 2646 3911 ἅμα

355 3931 586 3998 τοῦτο
635 3927 824 3998 αὐτὸ
870 3933 1284 4018 μεταβάλλει,
1329 3930 1729 4020 γιγνόμενος
1768 3933 1988 4019 ἕτερος
2026 3931 2091 4012 ἐξ
2130 3931 2375 4019 ἑτέρου.
2446 3934 2645 4000 Euse-

355 4039 530 4106 bius:
596 4033 743 4105 οὐδ’
815 4041 1028 4123 ἔστιν,
1091 4034 1237 4106 ἀλλ’
1304 4040 1375 4107 ἐκ
1427 4040 1559 4107 τοῦ
1622 4034 1831 4107 αὐτὸν
1893 4036 2347 4124 μεταβάλλειν.
2436 4039 2644 4123 Wytt.

358 4146 654 4212 coniecit:
711 4140 863 4212 οὐδ’
895 4137 1119 4229 εστίν,
1164 4140 1308 4211 ἀλλ’
1363 4145 1433 4212 ἐκ
1478 4146 1724 4213 τούτου
1769 4141 1979 4234 αὐτοῦ
2024 4141 2433 4230 μεταβάλλει,
2478 4167 2643 4230 quae

359 4274 749 4338 quamquam
803 4275 936 4319 non
986 4275 1118 4319 uno
1171 4253 1433 4321 nomine
1488 4253 1659 4318 falsa
1722 4253 2107 4318 Duebnerus
2152 4251 2409 4335 recepit.
2500 4249 2643 4316 Mu-

359 4360 605 4426 tatione
659 4360 827 4426 nihil
871 4382 1036 4446 opus
1081 4361 1211 4426 nisi
1255 4360 1426 4446 quod
1471 4381 1589 4444 pro
1638 4354 1773 4444 ἅμα
1820 4357 2229 4424 scribendum
2274 4361 2377 4424 est
2418 4351 2644 4442 ἀλλά,

362 4467 548 4552 quod,
594 4467 651 4534 si
699 4468 1082 4553 scripturam
1130 4467 1502 4552 respexeris,
1545 4466 1719 4532 idem
1764 4469 1957 4552 atque
2003 4465 2165 4532 illud
2212 4468 2331 4532 est.
2409 4464 2646 4551 Igitur:
