3200 5175
1308 296 1779 360 -133-

398 469 512 540 ἅτε
558 468 640 558 δὴ
687 467 846 558 παρ’
897 467 1060 557 ἡμῖν
1104 469 1448 558 μεγάλας
1495 475 1821 559 ἔχοντος
1876 472 2008 539 καὶ
2063 470 2317 558 τιμάς,
2366 470 2474 542 ὅτε
2519 470 2561 561 ἡ
2616 513 2690 525 -—-

396 577 589 658 πόλις
642 574 1018 664 ἀπώλλυτο,
1075 579 1406 666 διφθέρας
1461 577 1647 666 ἱερὰς
1693 619 1777 629 -
1825 578 2115 668 ἐξευρών
2170 587 2303 648 κτλ.
2384 581 2537 648 Bas,
2592 605 2696 668 με·

395 683 621 772 young
658 689 746 771 ἔχ.
782 685 893 752 καὶ
937 683 1170 772 τιμάς
1215 683 1431 774 (τινάς
1467 686 1662 774 Ald.).
1735 689 1976 756 Locum
2016 691 2349 756 turbatum
2385 689 2477 755 ita
2512 691 2695 757 resti-

396 793 709 860 tuendum
757 796 976 860 censet
1029 790 1246 879 Wytt:
1302 795 1569 878 ἔχοντος
1624 794 1748 860 τοῦ
1805 791 2086 879 Κρόνου
2141 792 2356 881 τιμάς·
2403 794 2514 863 καὶ
2568 792 2694 864 ὅτε.

397 918 562 985 Mihi
609 918 1032 1003 supplendum
1079 917 1361 984 videtur:
1410 921 1679 1004 ἔχοντος
1730 895 2019 1000 [ΤΙΛΛᾸΕ
2057 921 2181 986 τοῦ
2217 917 2546 1008 Κρόνου],
2584 924 2703 989 καί

398 1027 648 1109 ΤΙΝΑΕ,
695 1019 804 1089 ὅτε
851 1061 935 1071 -
983 1017 1354 1108 ἀπώλλυτο,
1402 1025 1735 1112 διφθέρας
1778 1022 1867 1091 κέ.

574 1131 680 1199 De
737 1130 974 1215 primo
1030 1129 1306 1212 frigido
1366 1155 1415 1198 c.
1470 1134 1503 1198 1
1553 1131 1644 1218 (p.
1690 1133 1820 1200 946
1851 1131 1946 1218 a):
2011 1129 2147 1219 ἅμα
2209 1130 2337 1220 γὰρ
2400 1129 2694 1200 ἀπιοῦσα

396 1235 607 1323 πολλή
647 1236 762 1326 (sc.
799 1233 1162 1324 θερμότης)
1200 1241 1532 1323 φαίνεται,
1568 1237 1679 1305 καὶ
1717 1239 1991 1325 ψύχεται
2032 1237 2108 1307 τὸ
2145 1235 2694 1328 ὑπολειπόμενον.

397 1347 556 1413 Mez.
601 1367 721 1431 pro
758 1341 970 1429 πολλή
1015 1345 1295 1410 coniecit
1330 1340 1473 1429 ὅλη.
1543 1345 1765 1430 Wytt:
1814 1341 1950 1432 ἅμα
1986 1343 2115 1435 γὰρ
2153 1344 2442 1436 ἀπιούσῃ
2480 1349 2692 1436 πολλῇ

397 1456 728 1539 φαίνεται,
772 1452 963 1518 simul
1005 1453 1172 1517 enim
1214 1451 1314 1518 hio
1373 1453 1693 1534 confertim
1738 1453 1918 1539 abiit,
1964 1462 2225 1540 apparet
2262 1457 2484 1540 friyus.
2567 1453 2692 1520 Sed

396 1561 492 1626 ita
537 1580 791 1646 quoque
838 1561 904 1625 et
947 1559 1145 1624 verba
1181 1562 1247 1625 et
1293 1559 1619 1624 sententia
1665 1560 1981 1645 impedita
2019 1566 2187 1627 sunt.
2272 1561 2691 1628 Scribendum

395 1670 584 1752 puto:
631 1661 766 1751 ἅμα
811 1661 937 1750 γὰρ
985 1659 1273 1752 ἀπιούσῃ
1319 1666 1529 1753 πολλῇ
1567 1669 1898 1752 φαίνεται,
1944 1665 2032 1745 ὥς
2066 1664 2343 1752 ψύχεται
2386 1663 2462 1735 τὸ
2498 1663 2687 1734 ὑπολ.

394 1774 560 1839 Item
604 1773 801 1859 paulo
846 1754 998 1858 post
1052 1771 1243 1839 dixit:
1298 1765 1564 1839 ἀπιόντι
1618 1773 1710 1864 τῷ
1766 1774 2016 1863 θερμῷ.
2099 1778 2244 1840 Καί
2292 1778 2357 1840 et
2410 1768 2501 1852 ὡς
2555 1796 2688 1841 sae·

395 1879 662 1964 pissime
709 1883 1177 1965 permutantur.

573 1985 643 2052 C.
690 1987 730 2052 9
784 1985 874 2075 (p.
922 1987 1050 2052 948
1079 1984 1170 2072 f):
1216 1991 1572 2052 καλεῖται
1621 1982 1696 2051 δὲ
1741 1984 1851 2051 καὶ
1890 1981 2092 2072 ἀχλὺς
2135 1987 2247 2053 καὶ
2284 1981 2545 2074 ὀμίχλη,
2580 1986 2693 2054 καὶ

396 2090 522 2160 ὅσα
575 2095 697 2160 τοῦ
753 2089 975 2178 φωτὸς
1030 2087 1112 2159 ού
1157 2091 1426 2177 παρέχει
1479 2094 1560 2180 τῇ
1617 2089 1933 2178 αἰσθήσει
1990 2095 2252 2177 δίοψιν,
2312 2090 2507 2181 ἀέρος
2562 2094 2689 2162 εἰσὶ

398 2201 736 2286 διαφοραί.
825 2199 1072 2266 Vocem
1131 2205 1487 2265 καλεῖται
1558 2205 1928 2284 corruptam
1994 2223 2134 2266 esse
2194 2201 2383 2266 facile
2445 2203 2545 2269 est
2610 2202 2691 2268 ad

397 2308 887 2396 intelligendum
937 2308 1047 2374 sed
1087 2308 1241 2393 quid
1278 2307 1749 2372 restituendum
1790 2307 1877 2372 sit
1913 2330 2043 2374 non
2084 2310 2259 2373 item.
2342 2308 2503 2374 Mez.
2542 2331 2688 2376 con-

395 2416 546 2482 iecit
598 2418 835 2499 κνηκί
841 2439 902 2498 ς,
956 2413 1229 2499 Propius
1287 2418 1456 2479 esset
1511 2411 1821 2499 κηλάδεςς
1885 2419 1955 2479 at
2007 2419 2229 2480 tamen
2287 2416 2688 2499 probabilius

397 2522 559 2589 mihi
587 2523 858 2609 videtur,
903 2521 1216 2589 Nostrum
1247 2543 1391 2587 cum
1421 2520 1717 2588 Romano
1747 2519 2069 2588 Favorino
2100 2524 2570 2609 colloquentem
2599 2524 2688 2590 la-

391 2632 602 2697 tinum
649 2631 1034 2696 vocabulum
1079 2651 1444 2715 usurpasse,
1489 2629 1534 2694 i.
1580 2651 1634 2695 e.
1671 2625 1885 2715 caliqo,
1926 2666 2003 2677 -
2054 2632 2199 2716 inis,
2247 2631 2349 2696 eui
2388 2651 2688 2716 graecam

390 2737 938 2819 terminationem,
977 2743 1052 2802 ut
1099 2737 1278 2821 solet,
1326 2736 1670 2820 addiderit3
1718 2732 2012 2823 καλιγών
2058 2738 2232 2802 enim
2279 2741 2393 2803 aut
2436 2735 2688 2824 καλιγώ

393 2844 602 2910 dicere
663 2867 796 2911 non
855 2843 1168 2928 placebat.
1263 2841 1684 2909 scribendum
1744 2844 1969 2928 igitur:
2040 2825 2369 2911 κΑΛεῙι-Αι
2439 2842 2514 2911 δὲ
2576 2844 2686 2912 καὶ

390 2944 595 3036 ἀχλὺς
637 2949 749 3017 καὶ
795 2946 1033 3036 ὀμίχλη
1079 2947 1168 3016 κέ.
1218 2949 1386 3014 unde
1433 2952 1801 3036 corruptela
1847 2952 2007 3016 satis
2056 2952 2430 3035 explicatur.

569 3054 861 3139 Aquano
899 3074 989 3123 an
1025 3056 1219 3138 ignis
1256 3055 1522 3122 utilior
1557 3079 1609 3123 e.
1648 3056 1689 3122 5
1725 3057 1937 3124 initio:
1983 3059 2117 3143 πῦρ
2155 3056 2278 3142 μὲν
2325 3048 2451 3125 οὖν
2489 3058 2687 3147 ῥᾷον

393 3159 915 3250 ὀλεθριώτατον,
959 3158 1000 3248 ἡ
1041 3160 1116 3230 δὲ
1161 3158 1406 3241 ὕδατος
1460 3159 1699 3249 φύσις
1746 3157 2063 3230 οὐδέποτε
2109 3162 2418 3249 βλαβερά.
2491 3166 2687 3231 Recte

393 3272 552 3337 Mez.
597 3294 714 3357 pro
754 3270 923 3359 ῥᾷον
958 3272 1060 3337 vel
1099 3268 1340 3356 ρἀιον
1379 3272 1653 3338 coniecit
1689 3269 1871 3357 ῥέον,
1910 3272 1949 3336 i.
1988 3294 2040 3335 e.
2081 3274 2311 3339 ΡΑΙΟΝ
2344 3303 2429 3326 =
2460 3275 2685 3340 ΡΕΟΝ.

392 3379 611 3465 Wytt:
659 3374 921 3464 ὁρῶμεν
959 3379 1125 3444 nihil
1172 3383 1286 3444 est.
1362 3377 1488 3444 Sed
1527 3378 1687 3442 Mez.
1726 3379 2134 3445 coniecturae
2182 3380 2341 3444 satis
2387 3402 2522 3444 non
2561 3386 2683 3466 est3

391 3487 858 3553 sententiarum
923 3487 1248 3572 oppositio
1307 3489 1374 3550 et
1427 3484 1833 3551 concinnitas
1888 3486 2225 3571 requirunt
2289 3482 2515 3571 ῥύσις
2565 3510 2683 3573 pro

392 3590 610 3677 φύσις.
658 3592 836 3659 Haec
869 3589 1038 3659 enim
1069 3594 1278 3679 magis
1310 3592 1612 3675 oratorie,
1642 3596 1716 3658 ut
1743 3592 1811 3657 in
1840 3593 1958 3657 tali
1987 3615 2073 3678 re,
2098 3615 2291 3678 quam
2321 3616 2468 3659 vere
2497 3594 2683 3661 dicta.

569 3700 674 3767 De
728 3700 1032 3768 solertia
1084 3698 1508 3765 animalium
1563 3719 1615 3764 c.
1670 3700 1731 3783 1,
1792 3701 1831 3781 ξ
1877 3700 1921 3763 4
1978 3696 2068 3785 (p.
2125 3699 2254 3765 959
2286 3698 2375 3787 e):
2429 3699 2678 3787 χαριζό-

389 3832 590 3895 μενος
623 3806 735 3874 καὶ
781 3809 1274 3892 συνεαρίζων
1319 3817 1462 3883 τοῖς
1498 3808 1881 3891 μειρακίοις.
1956 3809 2471 3891 Συνεαρίζων
2509 3812 2682 3876 varie

390 3919 833 4000 correxerunt,
877 3914 1254 3981 Piersonus:
1309 3916 1745 3997 συνοαρίζων.
1828 3913 2153 3979 Reiskius:
2210 3919 2681 3999 συννεαρίζων.

389 4023 783 4109 Madvigius:
839 4018 1241 4103 συννεάζων.
1334 4019 1754 4087 Scribendum
1802 4025 1987 4105 puto:
2045 4024 2499 4101 συννεανίζων
2542 4023 2583 4089 i.
2628 4044 2681 4089 e.

392 4126 1064 4214 συννεανιευόμενος,
1112 4127 1285 4215 quod
1331 4127 1653 4193 sententia
1697 4127 1983 4213 requirit.
2064 4130 2114 4194 Ν
2156 4158 2240 4181 =-·-
2280 4129 2344 4195 Ρ.
2426 4129 2679 4195 Plutar-

389 4238 548 4304 chus
585 4238 756 4303 enim
795 4240 869 4301 ut
907 4237 1062 4302 alibi
1102 4235 1266 4301 dixit
1301 4236 1701 4313 νεανίζειν
1732 4263 1815 4287 ---·
1854 4230 2326 4301 νεανιεύεσθαι
2366 4234 2450 4322 (v.
2478 4235 2681 4301 Flam.

392 4346 496 4410 20.
543 4349 609 4410 et
651 4344 894 4409 Polluc.
938 4343 1004 4426 4,
1056 4340 1229 4430 136),
1272 4343 1367 4406 ita
1413 4340 1608 4405 etiam
1656 4344 2114 4419 συννεανίζειν
2161 4342 2257 4405 uti
2299 4346 2572 4426 poterat.

572 4450 640 4517 O.
678 4452 738 4535 2,
777 4452 820 4532 ἓ
846 4451 891 4515 4
927 4446 1021 4536 (p.
1050 4449 1183 4516 959
1202 4446 1266 4535 f)
1306 4445 1756 4533 corrigendum
1783 4450 1970 4531 puto:
2005 4484 2080 4495 —-
2112 4443 2507 4534 περιστερὰν
2536 4446 2682 4535 ἐφέ-
