3200 5175
1236 346 1669 412 ...33-

305 519 484 602 ὅπως
527 523 982 612 θεραπεύσειε.
1071 521 1416 609 Γραπτέον
1473 529 1663 606 ἴσως,
1714 516 1823 586 ‘H
1858 522 2487 606 δεισιδαιμονία,
2529 517 2598 606 ἤ,

305 632 539 716 δίκην
585 626 700 696 ῧδ.
748 625 874 696 ἀεὶ
919 626 1113 714 πρὸς
1155 627 1240 696 τὸ
1287 651 1452 695 ταπ.
1496 626 2106 714 καταρρέοντος,
2142 622 2600 716 ἀνεπλήρου

303 732 558 822 ἀβελτ.
603 733 1062 822 κατάφοβον
1097 733 1238 804 τὸν
1277 731 1412 802 ’AL
1450 733 1906 821 γενόμενον.
1978 735 2083 800 Ita
2120 733 2377 822 Ooraes,
2419 737 2597 803 cuius

307 843 750 910 emendationi
778 845 1039 912 obstare
1075 843 1324 910 hiatum
1363 843 1819 909 animadvertit
1858 841 2162 909 SinteniS.
2218 842 2599 910 Schaeferus

185 1006 198 1011 -
306 955 464 1036 post
505 947 1143 1036 ταπεινούμενον
1187 951 1496 1016 excidisse
1541 950 1935 1016 infinitivum
1980 953 2171 1035 putat
2208 951 2599 1038 delendaque

305 1081 431 1124 τον
460 1052 916 1143 Ἀλέξανδρον,
954 1061 1029 1122 ut
1064 1059 1242 1123 locus
1280 1059 1669 1123 sententiam
1707 1057 2173 1141 complectatur
2211 1060 2598 1145 generalem.

304 1164 554 1230 Eadem
608 1165 740 1230 fere
793 1165 1044 1230 ratione
1104 1163 1408 1232 Sintenis.
1464 1169 1617 1251 post
1662 1186 1911 1231 ταπειν.
1955 1166 2255 1231 lacunam
2301 1167 2601 1252 signavit.

301 1271 670 1356 Madvigius
731 1271 1137 1337 scribendum
1195 1273 1412 1338 iussit:
1477 1268 1674 1358 πρὸς
1735 1267 1818 1338 τὸ
1881 1267 2261 1338 ταπεινὸν
2326 1270 2597 1358 ἱεμένη

299 1371 401 1454 ὥς
443 1374 557 1441 καὶ
603 1372 1039 1464 ἀναπληροῦν
1075 1373 1181 1461 ἀβ.
1214 1377 1327 1444 καὶ
1375 1402 1444 1463 φ.
1485 1374 1624 1444 τὸν
1665 1372 1888 1457 Ἀλέξ.
1927 1375 2369 1464 γενόμενον
2406 1379 2599 1466 (eum,

302 1484 414 1568 qui
457 1481 826 1549 Alexander
871 1483 1150 1572 fuisset).
1231 1485 1367 1550 Alii
1414 1486 1558 1551 alia.

481 1589 646 1656 Mihi
691 1590 946 1656 videtur
991 1592 1312 1676 particula
1366 1592 1482 1657 illa
1527 1592 1800 1676 simplex
1847 1595 1914 1657 et
1966 1592 2255 1660 nondum
2302 1596 2603 1677 suspecta

301 1690 449 1781 ἈΕῙ
498 1715 637 1780 vitii
697 1716 880 1802 origo
935 1716 1160 1802 fuisse3
1215 1717 1380 1782 nihil
1437 1717 1609 1782 enim
1665 1717 1839 1782 aliud
1894 1720 1996 1782 est
2052 1739 2245 1803 quam
2299 1739 2603 1802 perversa

308 1822 501 1888 lectio
547 1823 727 1888 verbi
776 1807 910 1908 ΡΕῙ,
955 1823 996 1890 i.
1044 1844 1096 1889 e.
1143 1822 1305 1910 ρεἴν.
1387 1823 1556 1890 Vide
1600 1846 1773 1890 nunc
1822 1848 2015 1910 quam
2071 1825 2238 1890 bene
2292 1824 2603 1908 procedat

304 1930 538 1995 oratio:
597 1923 783 2013 δεινὴ
841 1923 905 1994 δ’
967 1918 1171 2006 αὖθις
1224 1924 1266 2014 ἡ
1325 1930 1822 2015 δεισιδαιμονία
1878 1932 2076 2017 δίκην
2128 1925 2376 2006 ὕδατος
2431 1929 2603 2013 §etv

301 2031 469 2123 πρὸς
511 2032 586 2102 τὸ
623 2032 1151 2120 ταπεινούμενον
1187 2034 1298 2101 καὶ
1335 2031 1773 2124 ἀναπληροῦν
1811 2033 2192 2125 ἀβελτερίας
2228 2033 2339 2102 καὶ
2377 2032 2601 2120 φόβου

302 2140 432 2207 καὶ
468 2138 610 2208 τὸν
641 2137 778 2208 Ἀλ.
816 2139 1258 2227 γενόμενον
1295 2140 1443 2229 (καί
1474 2148 1625 2209 ante
1659 2139 1783 2210 τόν
1822 2143 2069 2232 addito)
2106 2145 2147 2208 i.
2186 2165 2236 2209 e.
2273 2143 2369 2208 ita
2404 2143 2601 2208 etiam

306 2249 786 2334 superstitionis
833 2270 910 2314 ea
955 2249 1054 2314 vis
1103 2252 1169 2314 et
1221 2252 1456 2314 natura
1503 2253 1633 2332 est,
1688 2254 1763 2314 ut
1810 2269 2010 2334 aquae
2064 2249 2278 2316 instar
2324 2249 2405 2314 ad
2454 2251 2600 2315 sub·

307 2356 586 2422 sidentia
631 2355 901 2440 defluat,
947 2355 1302 2442 delabatur,
1351 2357 1542 2440 atque
1589 2355 1871 2421 stultitia
1923 2359 1989 2420 et
2032 2356 2267 2421 timore
2314 2357 2601 2421 animum

305 2463 443 2528 eius
501 2485 782 2549 quoque,
847 2464 957 2548 qui
1013 2463 1384 2530 Alexander
1444 2463 1701 2548 fuisset,
1765 2463 2101 2548 compleat.
2191 2461 2600 2529 Adiectivum

305 2565 572 2648 δεινός
618 2571 994 2655 saepissime
1046 2593 1192 2636 cum
1238 2570 1559 2636 infinitivo
1606 2570 1902 2656 iungitur
1947 2570 2118 2656 apud
2162 2569 2601 2657 Plutarchum,

303 2681 378 2742 ut
414 2676 637 2743 Pericl.
678 2679 744 2743 7:
792 2674 1010 2743 δειναὶ
1055 2674 1183 2764 γὰρ
1230 2678 1308 2742 αἱ
1347 2674 1850 2767 φιλοφροσύναι
1885 2673 2134 2755 παντὸς
2179 2673 2388 2762 ὄγκου
2422 2666 2601 2767 περι-

302 2783 640 2870 γενέσθαι.
717 2781 848 2849 Cic.
886 2784 1000 2849 32:
1045 2776 1188 2849 ἀλλ’
1229 2777 1270 2867 ἡ
1304 2780 1468 2862 δόξα
1498 2778 1687 2866 δεινὴ
1733 2778 1857 2848 τὸν
1882 2778 2090 2867 λόγον
2118 2779 2337 2870 ὥσπερ
2372 2787 2603 2871 βαφην

304 2886 702 2957 ἀποκλύσαι’
728 2890 846 2975 τῆς
903 2890 1138 2974 ψυχῆς.
1209 2913 1269 2974 p.
1322 2889 1446 2956 169
1478 2912 1541 2954 a:
1597 2882 1766 2954 ἀλλὰ
1815 2886 2045 2956 δεινὸν
2102 2886 2177 2957 τὸ
2232 2892 2350 2977 τῆς
2402 2894 2601 2959 δεισι-

307 2999 659 3083 δαιμονίας
704 2993 939 3074 σκότος
981 3034 1058 3043 —-
1100 2994 1371 3083 συγχέαι
1415 2993 1528 3061 καὶ
1572 2997 1919 3081 τυφλῶσαι
1973 2994 2317 3083 λογισμόν.
2374 2998 2505 3066 682
2534 3000 2601 3066 d:

303 3100 346 3189 ἡ
409 3102 538 3191 γὰρ
605 3103 935 3188 συνήθεια
1011 3100 1202 3190 δεινὴ
1273 3100 1443 3189 πρὸς
1513 3100 1589 3169 τὸ
1658 3105 1908 3170 οἰκεῖον
1967 3102 2226 3190 ἐξάγειν
2279 3100 2405 3189 τὴν
2462 3102 2601 3171 διά-

303 3218 522 3277 θεσιν.
605 3212 736 3278 960
765 3234 830 3277 a:
875 3206 918 3295 ἡ
973 3208 1102 3299 γὰρ
1151 3207 1484 3295 συνήθεια
1540 3205 1730 3296 δεινὴ
1781 3247 1858 3258 -
1908 3207 2136 3298 πόρρω
2191 3223 2603 3296 προαγαγεῖν
2654 3282 2664 3290 ‚

304 3313 426 3383 τὸν
472 3313 858 3404 ἄνθρωπον.

484 3423 808 3492 Caesaris
845 3424 916 3491 5:
955 3423 1068 3491 καὶ
1102 3425 1301 3491 τοῦτο
1339 3420 1620 3509 ἤνεγκεν
1658 3419 1836 3514 αὐτῷ
1873 3421 2071 3511 χάριν
2104 3421 2259 3490 τινὰ
2294 3422 2407 3489 καὶ
2445 3441 2600 3492 συν-

305 3530 780 3617 εδημαγώγησε
824 3533 915 3622 τῷ
961 3528 1166 3598 πάθει
1209 3527 1369 3608 τοὺς
1413 3528 1707 3608 πολλοὺς
1752 3526 1843 3607 ὥς
1886 3526 2183 3617 ἥμερον
2225 3526 2446 3618 ἄνδρα
2490 3531 2602 3599 καὶ
2711 3523 2716 3527 ’

305 3643 699 3727 περίμεστον
743 3635 997 3725 ἤθους
1051 3634 1334 3723 ἀγαπᾶν.
1425 3638 1793 3725 Madvigius
1851 3638 2263 3705 scribendum
2320 3642 2601 3709 monuit:

305 3744 435 3811 καὶ
488 3744 746 3833 πράου
801 3742 1090 3832 μεστὸν
1142 3742 1424 3830 ἤθους,
1480 3747 1652 3832 quod
1708 3736 1913 3831 ρἦθος
1967 3746 2105 3811 sine
2162 3746 2477 3814 adiectivo
2534 3750 2605 3814 in

305 3853 544 3919 bonam
589 3857 843 3940 partem
883 3876 1030 3919 cum
1073 3852 1262 3918 laude
1297 3852 1722 3918 humanitatis
1760 3874 1894 3918 non
1932 3850 2205 3919 dicitur?
2289 3854 2455 3931 Quid
2497 3857 2602 3922 hic

306 3961 672 4046 requiratur
720 3961 1056 4027 ostendere
1109 3963 1326 4046 potest
1380 3960 1549 4045 quod
1608 3982 1805 4045 supra
1861 3960 1930 4023 in
1979 3980 2031 4026 c.
2078 3961 2122 4025 4
2165 3960 2431 4046 legitur:
2477 3959 2602 4045 τὴν

308 4065 383 4133 ἐν
417 4066 508 4157 τῷ
556 4064 1100 4157 φιλανθρώπῳ
1145 4064 1257 4133 καὶ
1297 4066 1540 4157 ἱλαρῷ
1591 4063 2052 4153 κεκρυμμένην
2092 4062 2443 4152 δεινότητα
2478 4070 2599 4134 τοΐ

305 4169 554 4259 ἤθους,
615 4176 726 4241 ubi
781 4170 1330 4262 φιλανθρώπῳ
1393 4174 1564 4239 idem
1628 4174 1761 4239 fere
1817 4174 1991 4239 valet
2050 4176 2243 4258 atque
2304 4168 2603 4262 ἥμερον

308 4284 516 4349 nostri
585 4283 740 4369 loci,
797 4282 1037 4371 ἱλαρῷ
1101 4284 1321 4347 tamen
1386 4280 1617 4346 ceteris
1682 4282 2155 4365 περίμεστον
2215 4275 2436 4364 ἤθους
2507 4306 2602 4349 re-

309 4390 627 4475 spondere
706 4392 990 4474 oportet3
1054 4391 1390 4475 praeterea
1462 4386 1606 4452 coll.
1678 4409 1739 4471 p.
1803 4386 1932 4451 477
1983 4408 2043 4452 cz
2114 4381 2236 4451 τὸν
2295 4390 2453 4472 βίον
2518 4428 2596 4439 -

307 4490 639 4581 εὐθυμίας
712 4496 820 4561 δεῖ
886 4489 1174 4581 μεστὸν
1229 4490 1402 4561 εἶναι
1455 4490 1568 4559 καὶ
1622 4489 1957 4579 γήθους,
2009 4493 2289 4561 fortasse
2352 4518 2599 4563 mecum

399 4610 642 4663 symbolae
671 4610 860 4653 criticae
887 4612 934 4651 et
959 4610 1187 4661 palaeogr.
1215 4610 1266 4651 in
1291 4610 1410 4651 Plut.
2144 4606 2176 4655 3
