3200 5175
1443 357 1520 368 —
1624 321 1921 386 122—

540 499 838 568 coniecit:
901 499 1426 586 συναμαυροῦσι.
1508 498 1853 582 Wyttenb:
1916 493 2055 583 ἅμα
2116 509 2261 575 ταῖς
2324 497 2685 584 ἐνεργείαις
2738 499 2847 566 ἐκ·

539 605 898 691 λυομέναις
941 600 1318 692 ἀμαυροῦσι
1354 603 1472 684 τὰς
1516 605 1701 686 ἕξεις.
1772 605 1935 672 Mihi
1972 610 2343 691 suspectum
2378 606 2635 672 videtur
2667 619 2851 685 ταῖς

539 708 918 799 ἡλικίαις,
965 714 1140 798 quod
1187 715 1243 779 si
1280 714 1645 799 corrigatur
1686 722 1861 790 ταῖς
1904 715 2353 798 μαλακίαις,
2401 714 2623 780 omnia
2662 715 2849 780 clara

539 825 706 906 sunt,
750 822 790 886 i.
837 843 891 887 e.
937 816 1066 887 σὺν
1109 823 1190 908 τῇ
1237 816 1619 907 ἀμαυρώσει
1677 819 1813 886 τών
1872 818 2228 905 ἐνεργειῶν
2284 813 2667 905 ἀμαυροῦσι
2724 818 2851 886 διὰ

536 924 654 1004 τὰς
698 931 1022 1013 μαλακίας
1065 922 1181 1004 τὰς
1227 925 1412 1011 ἔξεις,
1456 931 1721 1012 propter
1766 927 2243 1014 neglegentiam
2290 950 2421 994 una
2468 951 2615 994 cum
2660 950 2846 994 exer-

540 1035 850 1100 citatione
897 1057 1158 1101 suarum
1197 1035 1584 1101 facultatum
1628 1034 1805 1119 ipsos
1842 1055 2097 1120 quoque
2132 1034 2397 1100 habitus
2437 1035 2843 1102 deminuunt.

541 1139 854 1208 Similiter
901 1142 1064 1208 dixit
1114 1166 1179 1227 p.
1225 1142 1354 1208 525
1383 1165 1448 1207 a:
1505 1136 1643 1226 ἅμα
1698 1153 1843 1219 ταῖς
1900 1135 2185 1224 ἡδοναῖς
2240 1145 2665 1208 συνεκλιπεῖν
2722 1137 2849 1218 τὰς

541 1247 916 1334 ἐπιθυμίας.

719 1355 788 1422 C.
834 1357 920 1421 23
975 1355 1194 1422 initio:
1253 1351 1499 1422 τούτου
1555 1352 1631 1420 δὲ
1676 1350 2187 1437 πολιτικώτερον
2231 1352 2322 1440 μὴ
2368 1352 2586 1440 μόνον
2632 1354 2847 1441 ἐμφα-

539 1463 675 1540 νῶς
719 1459 890 1547 μηδὲ
936 1464 1224 1548 δημοσίᾳ
1271 1456 1622 1540 ὀνειδίζειν
1666 1459 1756 1527 κὲ.
1829 1461 2025 1544 Haec,
2070 1460 2401 1548 Madvigio
2452 1463 2687 1548 iudice,
2746 1465 2849 1529 sic

539 1570 978 1655 superioribus
1021 1570 1384 1660 participiis
1423 1567 1864 1636 continuanda
1902 1571 2081 1637 sunt:
2126 1564 2372 1636 τούτου
2419 1567 2494 1635 δὲ
2536 1576 2709 1653 πολ.,
2745 1567 2845 1658 μὴ

535 1673 753 1761 μόνον
806 1713 880 1725 —-
943 1670 1308 1756 ὀνειδίζων
1364 1713 1479 1760 -,
1533 1670 1698 1742 ἀλλὰ
1756 1713 1845 1724 ——
1896 1669 2385 1761 ὑποτιθέμενος
2437 1682 2570 1743 κτλ.
2654 1677 2845 1756 Quae

538 1784 758 1849 omnia
803 1785 1036 1871 probo,
1089 1785 1217 1850 nisi
1272 1784 1446 1871 quod
1495 1807 1660 1870 quae
1717 1785 1785 1848 in
1839 1785 1967 1850 fine
2024 1784 2387 1870 subiungit:
2463 1784 2601 1850 ‘sed
2665 1784 2846 1871 μηδὲ

539 1892 828 1976 δημοσίᾳ
888 1914 1005 1974 pro
1062 1888 1230 1976 μηδὲ
1289 1887 1509 1976 μόνον
1563 1892 1717 1976 δημ.
1772 1894 2143 1978 suspectum
2198 1890 2347 1975 est,'
2407 1892 2847 1977 improbanda

539 1997 864 2081 videntur3
901 1998 995 2062 ita
1024 1999 1195 2063 enim
1225 2019 1416 2082 saepe
1442 1997 1831 2064 Plutarchus
1860 1997 2149 2082 loquitur
2175 1997 2255 2062 cf.
2283 1996 2509 2064 caton.
2538 2001 2692 2066 min.
2720 2001 2843 2066 20:

539 2099 624 2170 οὐ
663 2101 880 2188 μόνον
919 2099 1285 2184 ἀκοντίζειν
1323 2098 1473 2171 οὐδ’
1509 2099 1915 2190 ὁπλομαχεῖν
1951 2098 2101 2170 οὐδ’
2154 2102 2457 2171 ἱππεύειν
2494 2102 2845 2172 διδάσκων

537 2206 657 2277 τὸν
703 2207 880 2294 υἱόν,
928 2206 1095 2278 ἀλλὰ
1139 2210 1250 2278 καὶ
1295 2213 1375 2299 τῇ
1421 2209 1589 2297 χειρὶ
1636 2208 1765 2290 πὺξ
1812 2216 2033 2276 παίειν
2078 2209 2171 2277 κέ.
2215 2212 2256 2277 i.
2304 2234 2357 2279 e.
2414 2206 2574 2278 οὐδὲ
2618 2202 2843 2297 μόνον

540 2313 962 2404 ὁπλομαχεῖν,
999 2312 1159 2384 οὐδὲ
1189 2315 1436 2446 ’,μόνον
1471 2314 1789 2384 ἱππεύειν.
1868 2341 1931 2402 p.
1968 2317 2103 2384 364
2130 2341 2196 2382 a:
2244 2320 2317 2384 οἱ
2352 2315 2426 2384 δὲ
2449 2315 2843 2406 σοφώτεροι

534 2425 671 2491 τῶν
718 2425 952 2510 ἱερέων
991 2420 1072 2491 οὐ
1119 2423 1338 2510 μόνον
1372 2422 1495 2492 τὸν
1519 2421 1785 2510 Ὄσιριν
1819 2427 2122 2508 καλοῦσι,
2170 2419 2333 2492 οὐδὲ
2377 2427 2673 2510 Τυφωνα
2710 2423 2841 2512 τὴν

536 2529 892 2599 θάλασσαν
937 2537 1072 2600 κτλ.
1155 2532 1286 2599 916
1315 2555 1379 2598 e:
1427 2527 1510 2599 οὐ
1558 2531 1742 2622 ζώων
1779 2527 1995 2617 μόνον
2044 2526 2203 2599 οὐδὲ
2240 2534 2474 2617 φυτῶν
2514 2527 2675 2601 οὐδὲ
2712 2535 2839 2620 γῆς

534 2639 644 2706 καὶ
691 2638 1050 2725 θαλάττης,
1095 2634 1264 2706 ἀλλὰ
1309 2637 1419 2705 καὶ
1467 2644 1686 2705 λίθων
1733 2636 1823 2705 κὲ.

713 2746 782 2814 O.
821 2750 908 2814 24
953 2750 1109 2815 init.
1155 2745 1265 2814 καὶ
1303 2747 1442 2813 τῶν
1480 2746 1553 2813 ἐν
1595 2740 1849 2834 Ἐφέσω
1888 2744 2036 2832 περὶ
2077 2742 2201 2831 τὴν
2229 2742 2543 2833 ’Ἁρτεμιν
2586 2743 2839 2833 ὁμοίως

537 2852 872 2939 ἑκάστην
932 2853 1056 2943 (ita
1117 2856 1243 2941 leg.
1308 2878 1452 2922 cum
1516 2852 1677 2919 Mez.
1739 2876 1857 2939 pro
1930 2850 2242 2942 ἑκάστου)
2312 2854 2695 2941 Μελλιέρην
2756 2852 2835 2923 τὸ

533 2963 822 3047 πρῶτον,
861 2956 992 3029 εἷθ’
1035 2958 1278 3047 Ἱέρην,
1314 2957 1389 3027 τὸ
1438 2958 1513 3025 δὲ
1556 2962 1784 3045 τρίτον
1830 2958 2246 3046 Παριέρην
2290 2962 2588 3028 καλοῦσι.
2666 2962 2838 3040 Quid

535 3072 624 3136 sit
673 3068 975 3154 Παριέρη
1015 3092 1204 3135 nemo
1243 3070 1409 3135 dixit
1450 3091 1659 3156 neque
1696 3069 1945 3133 dixerit.
2019 3067 2353 3135 Sententia
2396 3068 2689 3155 requirit:
2734 3094 2837 3135 τε-

537 3180 727 3243 λειάν
793 3176 1014 3262 ἱέρην;
1079 3178 1191 3243 sed
1250 3180 1469 3241 tamen
1521 3176 1819 3241 adiectivi
1877 3178 2189 3241 τελείαν
2242 3176 2429 3243 notio
2499 3198 2711 3261 neque
2766 3179 2839 3243 in

534 3281 713 3371 παρά
753 3284 1121 3350 continetur
1155 3304 1363 3368 neque
1401 3282 1663 3347 aliunde
1702 3282 1846 3347 elici
1878 3286 2115 3366 potest.
2187 3281 2487 3349 Ceterum
2525 3281 2833 3370 Παριέρη

533 3392 712 3457 nullo
789 3392 930 3457 loco
1005 3412 1214 3476 neque
1278 3389 1613 3455 Plutarchi
1684 3410 1890 3474 neque
1964 3390 2236 3455 aliorum
2300 3393 2572 3475 prostat.
2664 3389 2835 3467 Quid

534 3498 786 3565 multa?
870 3497 1320 3565 Scribendum:
1376 3493 1750 3582 Πανιέρην,
1797 3496 1971 3582 quod
2030 3495 2204 3561 haud
2265 3519 2305 3560 a
2360 3496 2710 3583 Παριέρην
2764 3499 2835 3563 in

533 3604 761 3671 Nostri
822 3604 1001 3670 codd.
1059 3605 1261 3670 oculis
1329 3604 1733 3669 discernitur.
1808 3606 1857 3670 Ν
1902 3635 1985 3657 ·-=--
2026 3607 2088 3670 Ρ.
2181 3603 2279 3668 De
2338 3604 2697 3669 sententiae
2755 3606 2836 3670 cf.

533 3709 725 3777 Num.
770 3712 877 3777 10:
925 3705 1189 3796 ὡρίσθη
1231 3707 1305 3776 δὲ
1340 3723 1484 3788 ταῖς
1522 3711 1730 3796 ἱεραῖς
1764 3707 2133 3797 παρθένοις
2168 3705 2299 3776 ὑπὸ
2343 3712 2469 3775 τοῦ
2508 3710 2839 3794 βασιλέως

531 3812 764 3902 ἁγνεία
808 3819 1316 3903 τριακονταέτις,
1366 3816 1440 3883 έν
1485 3807 1528 3905 ᾖ
1573 3813 1701 3901 τὴν
1744 3814 1867 3901 μὲν
1910 3812 2183 3903 πρώτην
2231 3818 2575 3883 δεκαετίαν
2620 3812 2663 3883 ἃ
2704 3816 2834 3904 χρὴ

533 3926 704 4009 δρᾶν
749 3922 1216 4011 μανθάνουσι,
1272 3920 1396 4010 τὴν
1443 3922 1518 3991 δὲ
1573 3921 1785 4008 μέσην
1838 3918 1881 3988 ἃ
1928 3919 2354 4009 μεμαθήκασι
2402 3924 2646 4010 δρῶσι,
2702 3922 2829 4011 τὴν

531 4029 606 4097 δὲ
651 4036 882 4118 τρίτην
930 4028 1153 4114 ἑτέρας
1197 4025 1391 4097 αὐταὶ
1440 4026 1897 4097 διδάσκουσιν.

705 4138 1165 4223 Reipublicae
1211 4136 1557 4218 gerendae
1612 4136 1985 4221 praecepta
2032 4159 2082 4204 c.
2129 4139 2173 4205 4
2218 4138 2356 4204 init.
2413 4139 2828 4207 scribendum

529 4250 721 4330 puto:
777 4241 977 4322 αὐτὸς
1032 4240 1092 4311 δ’
1156 4240 1374 4331 ὥσπερ
1421 4244 1498 4310 ἐν
1551 4239 1819 4331 θεάτρῳ
1874 4238 1958 4310 τὸ
2015 4240 2297 4311 λοιπόν
2361 4244 2507 4331 (pro
2562 4244 2832 4331 λοιπόν)

529 4348 1046 4441 ἀναπεπταμένῳ
1092 4349 1521 4437 βιωσόμενος.
1587 4373 1592 4378 ·

709 4460 786 4526 In
841 4460 1066 4527 eodem
1123 4482 1258 4545 cap.
1315 4460 1510 4544 paulo
1565 4462 1719 4544 post
1772 4460 1936 4527 bene
1990 4461 2271 4527 correxit
2330 4458 2569 4527 Ocraes
2626 4456 2830 4529 ὅπου
