3200 5175
1529 323 1965 390 ..64-

601 503 771 588 quod
817 501 1288 568 Herwerdenus
1343 505 1602 588 praeter
1654 502 2109 569 necessitatem
2162 501 2233 566 in
2284 497 2541 585 ἐπέχειν
2590 501 2895 586 mutavit:

598 612 941 694 utrumque
1007 611 1180 674 enim
1243 631 1377 674 non
1436 609 1578 674 sine
1632 608 1889 674 ratione
1942 608 2196 674 dieitur.
2282 605 2596 674 Similiter
2658 631 2721 692 p.
2768 609 2811 674 9
2838 630 2897 673 a.

597 715 852 781 Romul.
895 717 1011 783 21:
1057 710 1099 800 ἡ
1146 711 1430 802 λύκαινα
1473 711 1703 800 θηλὴν
1746 709 2051 799 ὑπέσχε.
2131 713 2289 780 Eur.
2330 713 2469 780 Ion.
2520 715 2721 780 1372:
2776 738 2896 799 μα-

598 817 760 887 στὸν
803 816 1092 906 ὑπέχειν.
1170 823 1361 889 Diod.
1397 821 1511 908 IV,
1547 822 1610 905 9,
1648 822 1716 888 6:
1763 818 2112 888 συνέπεισε
2154 819 2280 906 τὴν
2316 816 2539 906 ’Ἠραν
2572 814 2897 905 ὑποσχεῖν

595 925 725 1012 τὴν
767 925 1014 1014 θηλήν.

778 1033 848 1100 C.
895 1036 979 1101 69
1027 1034 1118 1121 (p.
1165 1035 1296 1101 280
1323 1033 1388 1121 e)
1433 1056 1603 1100 corr:
1651 1026 1693 1118 ἢ
1742 1028 1901 1116 [ὅτι]
1948 1033 2183 1098 πασῶν
2227 1029 2352 1118 μὲν
2399 1029 2763 1116 έβούλοπο
2808 1067 2899 1081 -

604 1177 680 1186 -
732 1177 808 1187 -
825 1188 844 1222 ,
891 1135 1014 1206 ούκ
1061 1139 1283 1224 ἐφεῖτο
1329 1140 1640 1226 χρῆσθαι.
1722 1139 2131 1205 Duebnerus:
2177 1130 2219 1222 ἢ
2258 1138 2493 1204 πασῶν
2537 1136 2662 1225 μὲν
2706 1136 2899 1224 ἐβού-

598 1251 799 1312 λοντο
865 1283 940 1294 -
1005 1283 1080 1294 -
1147 1240 1514 1332 ἀγομένην·
1571 1238 1673 1310 ἵν’
1735 1233 1879 1310 οὖν
1940 1282 2015 1294 -
2076 1240 2167 1330 μὴ
2226 1238 2708 1330 ἀπολείπωσιν,
2772 1241 2900 1312 οὐκ

598 1351 824 1436 ἐφεῖτο
870 1354 1183 1439 χρῆσθαι.

777 1457 848 1525 G.
904 1460 990 1524 74
1043 1457 1135 1545 (p.
1181 1460 1308 1525 281
1341 1457 1406 1546 e)
1463 1459 1669 1524 scrib:
1732 1459 1825 1547 τῷ
1891 1456 2211 1541 γενέσθαι
2274 1482 2338 1525 τι
2401 1454 2645 1545 μικρὸν
2702 1452 2745 1543 ἢ
2803 1455 2896 1545 μὴ

598 1563 979 1650 γενέσθαι
1035 1563 1176 1651 (pro
1232 1563 1550 1649 γενέσθαι
1595 1561 1688 1650 τι)
1743 1559 2077 1641 πολλάκις.
2160 1565 2231 1630 ΤΙ
2288 1565 2541 1649 peperit
2600 1565 2901 1650 proxima

597 1673 788 1737 litera
831 1674 914 1738 Π.

775 1777 847 1844 O.
895 1778 980 1844 75
1035 1776 1125 1864 (p.
1180 1779 1306 1845 281
1337 1777 1402 1865 f)
1461 1779 1657 1844 scrib:
1714 1771 1924 1845 αὐτὸν
1983 1773 2113 1863 ἀφ’
2176 1776 2449 1861 ἑαυτοῦ,
2512 1779 2717 1864 ultro,
2778 1801 2899 1865 pro

596 1879 729 1969 ὑφ’
782 1883 1087 1951 ἑαυτοῦ.

777 1989 848 2057 O.
894 1993 982 2058 80
1028 1991 1117 2078 (p.
1165 1991 1295 2058 283
1325 1991 1388 2079 e)
1445 2013 1787 2077 perperam
1845 1991 2215 2078 Madvigius
2274 2014 2393 2078 pro
2448 1989 2560 2058 καὶ
2619 1993 2898 2058 σίαστον

603 2093 1037 2183 ἐντιμότατον
1081 2098 1383 2163 coniecit:
1437 2095 1549 2164 καὶ
1595 2093 1903 2184 σιτισμὸν
1957 2093 2078 2164 τὸν
2126 2094 2572 2184 ἐντιμότατον.
2652 2097 2897 2164 Locum

599 2224 860 2308 optime,
905 2225 980 2288 ut
1011 2222 1185 2288 haud
1231 2245 1379 2289 raro
1436 2223 1621 2308 solet,
1666 2221 1951 2289 Cobetus
2009 2223 2403 2288 emendavit:
2452 2198 2740 2290 ΚΛΙΕῙΑΕ
2775 2217 2899 2289 τὸν

601 2329 1033 2416 ἐντιμότατον
1074 2367 1151 2376 -
1191 2325 1417 2396 τόπον.

774 2437 844 2505 O.
895 2438 1024 2503 100
1069 2435 1160 2522 (p.
1205 2437 1334 2503 287
1363 2433 1431 2523 f)
1488 2436 1727 2502 editur:
1780 2429 1823 2521 ἢ
1882 2432 1994 2502 διὰ
2050 2430 2170 2502 τὸν
2228 2432 2563 2522 Σερούϊον
2616 2430 2741 2502 τὸν
2783 2439 2897 2520 βα·

597 2544 785 2613 σιλὲα
816 2582 898 2592 -
939 2542 1006 2623 ἐξ
1043 2538 1465 2629 αἰχμαλώτου
1509 2541 1829 2627 γενέσθαι
1864 2543 2369 2629 θεραπαινίδος,
2406 2537 2643 2609 ἄδειαν
2680 2544 2899 2627 ἔργων

598 2654 871 2737 ἔχουσιν
908 2653 981 2717 οί
1009 2648 1448 2734 θεράποντεςς
1494 2650 1645 2717 Una
1680 2651 1868 2717 litera
1895 2651 2104 2717 deleta
2138 2652 2321 2717 loeus
2349 2655 2633 2718 sanatur.
2680 2648 2899 2716 Scrib:

597 2752 639 2844 ἢ
687 2754 802 2823 διὰ
845 2753 930 2822 τὸ
979 2753 1316 2841 Σερούϊον
1361 2752 1481 2823 τὸν
1527 2760 1678 2841 βασ.
1722 2754 1813 2824 κὲ.

778 2862 849 2930 C.
909 2864 1036 2931 105
1089 2863 1180 2949 (p.
1227 2864 1356 2931 289
1385 2862 1479 2949 a.):
1533 2859 1822 2950 πότερον
1874 2900 1948 2911 --
2000 2859 2104 2930 ὅτι
2167 2853 2581 2949 λυπούμεναι
2644 2860 2772 2949 μὲν
2825 2864 2902 2930 αἱ

597 2968 929 3054 παρθένοι
985 2972 1386 3056 γαμοῦνται,
1450 2971 1807 3056 χαίρουσαι
1863 2967 1938 3035 δὲ
1998 2972 2075 3036 αἱ
2125 2981 2462 3055 γυναῖκες·
2520 2966 2752 3056 ἑορτὴ
2811 2967 2895 3036 δὲ

598 3073 812 3163 μηδὲν
866 3074 1328 3163 λυπουμένους
1397 3087 1618 3142 ποιεῖν
1678 3073 1847 3162 μηδὲ
1908 3072 2079 3161 πρὸς
2138 3070 2473 3161 ἆνᾶγκηνς
2554 3075 2663 3142 Ita
2716 3077 2896 3143 codd.

600 3184 815 3287 Wytt.
865 3184 1211 3270 legendum
1275 3186 1467 3267 putat
1530 3182 1765 3269 ἑορτῆς
1827 3180 1909 3249 δέ
1964 3184 2067 3249 vel
2132 3182 2327 3270 ἑορτῇ
2393 3180 2468 3249 δὲ
2533 3184 2662 3269 δεῖ,
2725 3183 2895 3269 quod

598 3291 983 3357 Duebnerus
1019 3291 1280 3375 recepit.
1351 3288 1587 3356 Lenius
1627 3294 1694 3355 et
1735 3292 1949 3357 verius
1988 3295 2116 3357 est:
2163 3286 2359 3378 ἑορτῇ
2406 3286 2591 3355 δέον
2628 3289 2745 3376 (=
2775 3286 2895 3377 δέ).

603 3398 682 3463 ef.
727 3421 791 3483 p.
837 3398 968 3463 290
995 3396 1040 3462 f.

779 3502 849 3569 O.
893 3505 1018 3569 113
1055 3503 1146 3590 (p.
1184 3504 1310 3569 291
1342 3502 1443 3592 b):
1489 3500 1800 3591 πότερον,
1845 3498 1937 3582 ὥς
1972 3540 2057 3551 --
2096 3499 2507 3590 ἀντίρροπον
2540 3491 2628 3588 ἦν
2666 3498 2743 3569 τὸ
2780 3504 2896 3589 τῆς

605 3608 974 3696 ἱερωσύνης
1010 3604 1266 3696 ἀξίωμα
1301 3606 1469 3696 πρὸς
1504 3607 1579 3676 τὸ
1626 3612 1744 3697 τῆς
1790 3614 2150 3695 βασιλείας,
2196 3604 2285 3695 μὴ
2330 3608 2655 3695 τυχόντας
2700 3611 2894 3697 ίερεῖς

599 3712 1118 3795 ἄπεδείκνυσανς
1172 3709 1215 3801 ἢ
1261 3718 1519 3802 μᾶλλον
1571 3714 1663 3783 κὲ.
1754 3716 1968 3802 Wytt.
2024 3717 2307 3801 supplet:
2364 3718 2482 3802 τῆς
2535 3720 2893 3801 βασιλείας,

603 3812 710 3909 [ἦς
751 3818 934 3906 τοὺς]
984 3818 1072 3907 μή
1119 3820 1459 3907 τυχόντας.
1541 3823 1708 3888 Mihi
1748 3824 2149 3909 probabilius
2185 3824 2463 3890 videtur:
2508 3824 2626 3909 τῆς
2669 3827 2891 3908 βασι-

597 3934 848 4013 λείας,
905 3925 1087 4012 [τοὺς
1140 3927 1216 3995 δὲ
1269 3933 1685 4014 βασιλείας
1745 3932 1853 3997 vel
1910 3928 2023 3997 καὶ
2089 3924 2248 4008 τοὺς
2308 3933 2744 4014 βασιλείας]
2802 3928 2890 4018 μὴ

597 4034 937 4122 τυχόντας.

777 4143 1239 4232 quaestiones
1285 4160 1576 4226 graecae
1631 4167 1684 4211 c.
1724 4146 1807 4211 13
1848 4143 1937 4233 (p.
1974 4146 2104 4211 293
2132 4146 2223 4229 f):
2276 4146 2546 4231 πρῶτον
2593 4144 2720 4232 μὲν
2764 4142 2888 4233 γὰρ

600 4252 940 4328 οἰκοῦντες
981 4288 1056 4298 -—-
1101 4248 1406 4330 ἐξέπεσον
1443 4246 1574 4318 ὑπὸ
1610 4253 1943 4318 Λαπιθῶν
1980 4253 2077 4329 εἰς
2112 4258 2425 4330 Αὔθικας·
2473 4252 2737 4320 ἐκεῖθεν
2775 4254 2891 4339 τῆς

598 4360 992 4435 Μολοσσίας
1036 4353 1160 4443 τὴν
1211 4396 1287 4405 -
1337 4355 1562 4444 χώραν
1618 4358 1958 4444 κατέσχον.
2039 4360 2421 4445 Asyndeton
2476 4360 2889 4427 durissimum

601 4468 701 4533 est
743 4486 952 4550 neque
996 4465 1134 4529 ulla
1167 4466 1422 4531 ratione
1469 4466 1762 4533 excusari
1798 4470 2031 4552 potest.
2102 4466 2397 4533 Eandem
2432 4488 2568 4532 rem
2604 4491 2671 4553 p.
2704 4468 2833 4535 297
2847 4468 2889 4535 b
