3200 5175
1206 1261 1556 1336 CAPUT
1621 1263 1713 1337 H.

1261 1422 1647 1485 MORALIA.

481 1576 589 1645 De
623 1593 1017 1662 puerorum
1051 1578 1470 1646 educatione
1506 1601 1646 1663 cap.
1678 1581 1713 1644 7
1746 1576 1836 1665 (p.
1863 1578 1907 1644 4
1927 1575 2027 1664 d):
2059 1577 2273 1644 ἐκεῖνο
2305 1575 2378 1644 δὲ
2416 1574 2613 1664 ἐσχά-

301 1707 434 1762 τως
491 1680 760 1754 ἄτοπον.
832 1681 907 1751 τὸ
963 1696 1194 1763 novom
1259 1673 1474 1751 ἐνίοτε
1537 1681 1664 1771 γὰρ
1730 1682 2009 1769 εἰδότες,
2078 1682 2601 1770 αἰσθομένοις

301 1791 560 1876 μᾶλλον
626 1785 856 1870 αὐτοῖς
912 1792 1111 1858 τοῦτο
1172 1789 1510 1876 λεγόντων
1574 1788 1702 1876 τὴν
1766 1791 1969 1858 ἐνίων
2026 1791 2162 1857 τῶν
2225 1792 2605 1860 παιδευτῶν

301 1892 613 1981 ἀπειρίαν
647 1937 725 1947 -
759 1895 937 1985 ὅμως
970 1894 1237 1976 τούτοις
1265 1895 1685 1984 ἐπιτρέπουσι
1712 1895 1871 1976 τοὺς
1905 1901 2164 1976 παῖδας.
2232 1899 2339 1964 Ita
2376 1921 2599 1965 omnes

303 2006 489 2072 codd.
525 2005 1070 2091 wyttenbachius
1109 2008 1175 2070 et
1209 2005 1592 2070 Duebnerus
1630 2028 1748 2091 pro
1788 2006 2223 2090 αἰσθομένοις
2259 2005 2601 2072 dederunt:

300 2111 753 2196 αἰσθομένων.
843 2111 1210 2177 Hercherus
1274 2111 1533 2178 facilem
1599 2134 1757 2178 sane
1828 2112 2213 2179 medicinam
2287 2111 2599 2178 adhibens

300 2217 541 2284 deleviiz
595 2219 790 2285 verba
845 2217 1375 2302 αἰσθομένοις
1421 2255 1506 2265 -
1553 2214 1969 2302 λεγόντων.
2062 2218 2362 2285 Proxime
2420 2220 2600 2284 codd.

302 2325 571 2391 lectioni
631 2327 812 2391 locus
871 2324 1128 2390 restitui
1190 2327 1411 2408 possest
1473 2324 1544 2388 in
1606 2324 1778 2389 hunc
1840 2323 2132 2388 modum:
2197 2323 2409 2391 ἐνίοτε
2472 2321 2599 2411 γὰρ

302 2428 584 2515 εἰδότες,
639 2427 1042 2517 αἰσθόμενοι
1097 2427 1173 2496 δὲ
1226 2431 1527 2516 μᾶλλον
1582 2423 1814 2506 αὐτοῖς
1866 2430 2067 2495 τοῦτο
2127 2426 2465 2514 λεγόντων
2507 2429 2599 2497 κὲ.

300 2540 344 2606 i.
389 2562 443 2605 e.
489 2539 747 2625 μᾶλλον
794 2535 871 2606 δὲ
917 2531 1328 2625 αἰσθόμενοι
1365 2532 1651 2626 (ἄλλων)
1707 2531 2047 2620 λεγόντων
2100 2529 2327 2616 αὐτοῖς
2379 2539 2601 2606 τοῦτο.

299 2647 608 2713 Fortasse
647 2651 786 2713 erac
821 2648 891 2713 in
929 2647 1170 2713 codice:
1218 2645 1724 2712 ΑΙΕΘΟΜΕΝΟΙ.
1762 2644 2165 2728 (ΜΑΛΛΟΝ,
2202 2667 2367 2730 quae
2404 2646 2597 2711 libra-

301 2755 436 2820 rius
500 2755 804 2819 lacunula
866 2756 1166 2840 neglecta
1225 2752 1530 2819 continuo
1585 2751 1853 2837 legerat.
1944 2749 2042 2815 De
2104 2754 2457 2817 constructa.
2517 2754 2597 2819 cf.

301 2885 362 2948 p.
410 2862 541 2928 468
572 2883 624 2927 e.
2272 2916 2289 2930 .
2436 2839 2456 2856 κ

475 2969 722 3035 Ibidem
768 2992 830 3054 p.
878 2968 919 3035 5
949 2969 1017 3034 b:
1075 2968 1148 3034 οἰ
1186 2964 1268 3032 δέ
1306 2989 1518 3045 τινες
1566 2964 1829 3050 ἑταίρας
1872 2963 1985 3030 καὶ
2037 2961 2453 3051 χαμαιτύπας
2497 2990 2598 3052 μι-

303 3075 629 3153 σθοῦντες
673 3072 968 3160 σοβαρὰς
1010 3073 1122 3141 καὶ
1167 3077 1562 3150 πολυτελεῖς.
1646 3076 1838 3150 Τινες
1882 3073 2180 3157 ἱΠθΡίῑιιῑῑι
2217 3072 2383 3138 mihi
2426 3073 2597 3139 vide-

302 3185 434 3269 tur3
481 3183 709 3249 malim
756 3182 838 3247 οἰ
878 3180 968 3247 δέ
1005 3186 1228 3259 τινας
1275 3179 1537 3268 ἑταίρας
1580 3183 1715 3245 κτλ..

477 3287 632 3375 Cap.
670 3290 710 3354 9
759 3286 848 3377 (p.
889 3290 925 3354 7
948 3286 1048 3376 b):
1095 3282 1249 3353 οὔτε
1292 3284 1422 3374 γὰρ
1468 3283 1741 3374 θρασὺν
1788 3280 1929 3353 οὔτ’
1984 3280 2275 3371 ἄτολμον
2327 3283 2439 3351 καὶ
2484 3310 2599 3352 κα-

301 3396 600 3480 ταπλῆγα
635 3396 1034 3482 προσῆκεν
1062 3390 1252 3461 εἶναι.
1308 3393 1582 3462 Collafis
1614 3393 2082 3479 superioribus:
2112 3389 2601 3478 ἐλευθεριάζειν

304 3514 443 3581 τοῖς
485 3498 716 3587 λόγοις
758 3503 1164 3586 προσῆκον
1210 3499 1322 3587 (sc.
1370 3496 1613 3587 ἐστίν),
1660 3500 1773 3564 ubi
1827 3520 2166 3584 perperam
2214 3498 2603 3591 Dnebnerus

304 3611 639 3696 προσῆκεν
693 3612 761 3675 et
813 3607 1182 3673 Hercherus
1247 3602 1567 3694 προσήκει
1624 3608 2069 3691 correxerunt,
2128 3592 2314 3672 valde
2372 3630 2599 3675 vereor

301 3740 382 3784 ne
411 3718 611 3784 etiam
646 3718 808 3800 locO,
850 3715 928 3780 de
963 3737 1091 3800 quo
1123 3736 1333 3780 sermo
1373 3717 1490 3798 est,
1520 3712 1931 3779 scribendum
1969 3713 2083 3779 sit:
2120 3715 2465 3799 προσῆκον
2512 3738 2597 3783 sc.

305 3827 499 3910 ἐστίν,
525 3828 592 3889 et
635 3844 817 3908 capp.
852 3822 952 3888 16.
995 3823 1074 3887 17
1120 3818 1296 3909 (bis).
1343 3822 1448 3889 20.
1496 3820 1586 3886 cf:
1618 3820 1745 3887 798
1776 3842 1829 3906 e,
1873 3820 1987 3885 ubi
2022 3843 2142 3906 pro
2181 3821 2360 3887 codd.
2396 3839 2596 3907 προσ-

304 3933 462 4017 ῆκεν
521 3930 675 3996 olim
743 3930 1165 3996 substitubum
1224 3931 1325 3994 est
1379 3928 1723 4013 προσῆκον
1772 3930 1838 3993 elz
1891 3929 2153 4013 passim.
2234 3928 2407 3995 Nam
2453 3951 2599 3995 cum

303 4039 370 4104 in
405 4042 678 4122 utraque
715 4036 1038 4120 scriptura
1073 4036 1239 4101 nihil
1275 4036 1410 4101 fere
1439 4034 1829 4101 discriminis
1868 4035 1972 4121 sic,
2007 4039 2227 4101 ufirum
2262 4037 2598 4120 προσῆκεν

309 4167 388 4210 an
422 4144 767 4229 προσῆκον
810 4146 1112 4228 praestet,
1158 4146 1498 4209 contextus
1545 4145 1807 4207 tan'num
1854 4142 2165 4207 orationis
2210 4140 2472 4207 indicat.
2510 4180 2594 4191 —-

308 4251 488 4329 Quod
535 4252 753 4316 autem
801 4270 1025 4315 omnes
1069 4249 1222 4314 libri
1268 4251 1335 4315 et
1380 4248 1609 4331 scripizi
1668 4252 1733 4312 et
1778 4247 1935 4313 edici
1990 4270 2127 4333 cap.
2181 4247 2264 4313 15
2308 4250 2597 4335 προσῆ-

305 4380 433 4423 κεν
479 4356 810 4442 praebent,
854 4355 922 4421 id
965 4353 1035 4420 in
1076 4350 1396 4441 προσήκει
1450 4351 1834 4419 mutandum
1890 4375 2029 4419 esse
2083 4376 2159 4420 ex
2213 4376 2595 4441 praegresso

306 4460 548 4549 πότερα
595 4464 722 4532 δεῖ
763 4465 1059 4550 apparet3
1107 4461 1558 4549 imperfectum
1604 4460 1779 4527 enim
1836 4456 2172 4547 προσῆκεν
2225 4465 2373 4548 post
2416 4485 2598 4550 prae-
