3200 5175
327 507 531 568 κολον
562 539 646 548 --
673 498 840 587 πρὸς
883 497 1000 580 τὰς
1045 495 1442 586 ἀποκρίσεις.
1507 502 1846 587 Wyttenb.
1894 503 2147 588 quaerit
2172 507 2399 568 utrum
2436 499 2623 588 μάχι-

327 632 456 694 μον
515 630 598 674 an
643 602 1010 694 ἀγχίνουν)
1082 608 1302 674 Verba
1345 603 1420 674 τὸ
1459 605 1765 692 ,μάχιμον
1810 608 2057 675 habent
2101 609 2272 694 quod
2320 609 2623 694 offendat,

331 739 722 804 quamquam
767 738 915 781 eum
961 717 1092 780 δια
1105 736 1369 801 πορητ.
1408 716 1718 800 coniungi
1753 710 2043 800 possunt.
2118 715 2467 802 Scrupulus
2516 739 2621 782 ex-

327 825 548 890 imitur
595 823 966 890 scribendo:
1003 825 1142 888 καί
1178 846 1251 888 τι
1296 819 1640 907 μάχιμον
1685 821 1813 888 καὶ
1860 824 2267 909 διαπορητ.

503 929 574 996 O.
622 933 663 996 2
711 927 800 1016 (p.
848 931 978 996 395
1007 928 1109 1016 b):
1169 925 1500 1014 ἐθαύμαζε
1555 927 1631 994 δὲ
1674 931 1799 995 τοῦ
1851 931 2100 1014 χαλκοῦ
2154 925 2230 996 τὸ
2287 923 2621 1015 ἀνθηρόν,

326 1033 415 1116 ὥς
473 1032 559 1103 οὐ
613 1041 782 1126 πίνῳ
839 1054 1230 1122 προσεοικος
1275 1073 1394 1119 -,
1453 1036 1640 1122 βαφῇ
1698 1033 1773 1100 δὲ
1818 1035 2079 1102 κυανοῦ
2124 1039 2622 1121 στίλβοντος,

326 1141 491 1211 ὥστε
555 1143 667 1210 καὶ
731 1143 1031 1229 πέμψαι
1093 1168 1155 1209 τι
1221 1135 1386 1228 πρὸς
1447 1137 1607 1218 τοὺς
1659 1138 2117 1228 ναυάρχους
2170 1142 2375 1227 (codd.
2434 1139 2621 1227 νεάρ-

325 1249 511 1337 χους)
540 1289 654 1334 -,
700 1243 850 1317 οἷον
889 1247 1176 1336 ἀτεχνῶς
1212 1251 1617 1326 θαλαττίους
1653 1251 1731 1336 τῇ
1770 1245 1937 1338 χρόᾳ
1964 1247 2075 1315 καὶ
2102 1253 2392 1334 βυθίους
2429 1248 2622 1317 ἑστῶ-

323 1383 452 1436 τας.
529 1358 745 1444 Wytt.
783 1357 1150 1424 annotavit:
1199 1356 1612 1441 ‘depravatus
1658 1356 1857 1440 loeus,
1907 1358 2008 1421 eui
2046 1358 2139 1421 nil
2176 1381 2295 1422 nee
2332 1359 2402 1422 in
2440 1360 2623 1425 libris

321 1487 440 1530 nec
485 1466 557 1529 in
607 1464 1078 1548 conjectoribus
1130 1462 1410 1527 remedii.
1479 1461 1604 1527 Pro
1648 1461 1901 1548 πέμψαι
1938 1485 2001 1526 τι
2038 1462 2209 1529 Mez:
2256 1463 2623 1549 ἐπτοῆσθαι

323 1571 483 1637 Mihi
530 1573 604 1636 in
651 1575 934 1636 mentem
982 1569 1161 1635 venit
1203 1565 1484 1652 πάσχειν
1527 1593 1615 1651 τι,
1658 1570 1759 1633 vel
1794 1568 2065 1660 πρέψαι,
2110 1574 2183 1634 ut
2220 1571 2398 1636 color
2433 1572 2619 1636 valde

319 1679 582 1778 deceret
617 1675 1042 1744 Navarehos'.
1107 1673 1434 1744 Reiskius:
1482 1674 1751 1760 βλέψας.
1816 1675 2201 1742 Duebnerus
2239 1676 2623 1742 festinanter

324 1772 398 1853 ex
443 1809 566 1854 sua
609 1785 982 1852 coniectura
1018 1781 1216 1848 dedit:
1263 1778 1794 1866 κομψεύσασθαι.
1870 1782 1939 1850 F.
1966 1783 2306 1850 Hermann
2344 1785 2621 1863 σκῶψαι.

321 1893 582 1980 Patzig:
629 1889 1026 1979 πεφρικέναι
1073 1892 1174 1955 vel
1220 1887 1620 1977 περιφρῖξαι.
1658 1929 1743 1938 -
1782 1891 1927 1977 Ego
1974 1893 2252 1958 conicio:
2300 1886 2467 1958 ὥστε
2513 1890 2625 1957 καὶ

321 1996 622 2086 λάμψαι
668 2024 770 2083 τι,
817 1999 858 2064 i.
886 2021 938 2062 e.
977 1993 1212 2084 (οὕτω)
1243 2000 1742 2081 στίλβοντος,
1790 1993 1957 2063 ὥστε
2000 1997 2113 2064 καὶ
2158 1995 2415 2083 λάμψιν
2450 1995 2624 2081 τινά,

321 2101 693 2172 ἀνάκλασίν
737 2131 910 2188 τινα,
955 2103 1273 2189 γενέσθαι
1319 2099 1484 2190 πρὸς
1528 2101 1688 2181 τοὺς
1731 2102 2129 2190 ναυάρχους.
2212 2105 2341 2170 Vel
2382 2107 2439 2172 si
2485 2129 2620 2170 ma-

319 2214 426 2278 lis:
486 2207 882 2298 ἀναλάμψαι
941 2235 1022 2277 τι.
1115 2209 1211 2276 Of.
1264 2234 1326 2296 p.
1377 2211 1506 2276 765
1535 2234 1598 2277 c:
1659 2207 2131 2296 &waldimacum
2186 2208 2353 2298 πρὸς
2408 2202 2622 2280 ἐκεῖνο

321 2315 394 2385 τὸ
450 2316 779 2404 ἐράσμιον
833 2321 873 2386 i.
931 2341 982 2387 e.
1036 2312 1455 2384 ἀνακλῶνται
1510 2314 1680 2403 πρὸς
1729 2317 1816 2383 ἐκ.
1880 2342 1941 2403 p.
1992 2320 2118 2384 766
2149 2342 2213 2384 a:
2260 2313 2622 2384 ἀνακλᾶται

322 2423 482 2513 πρὸς
527 2420 607 2491 τὸ
655 2432 854 2492 θεῖον
905 2464 979 2473 -
1030 2423 1258 2491 καλόν.
1350 2423 1474 2490 Sed
1522 2425 1793 2508 simplex
1839 2427 2045 2510 magis
2091 2427 2321 2511 placet.

501 2533 578 2601 C.
613 2535 657 2599 4
707 2531 801 2621 (p.
847 2535 977 2601 396
1006 2531 1070 2620 c)
1116 2527 1260 2600 ἀλλ’
1311 2527 1633 2618 ἀπορρεῖν
1678 2529 1789 2599 καὶ
1834 2526 2349 2600 ἀπολισθαίνειν
2396 2531 2511 2620 (sc.
2546 2529 2623 2599 τὸ

325 2641 611 2729 ἔλαιον),
665 2642 782 2725 τῆς
845 2640 1256 2725 πυκνότητος
1321 2636 1403 2706 οὐ
1469 2641 1512 2705 δ
1521 2637 1600 2726 ιη’
1614 2658 1709 2707 σι.
1804 2640 1879 2707 Β.
1933 2640 2021 2705 E:
2088 2642 2317 2725 διίησι.
2408 2641 2625 2727 Wytt:

327 2748 589 2835 διείση
605 2775 668 2833 ς,
733 2749 904 2833 quod
959 2747 1341 2814 Duebnerus
1404 2748 1661 2831 recepit.
1767 2746 2101 2813 Sententia
2163 2752 2384 2814 tamen
2442 2771 2622 2833 prae-

330 2878 473 2923 sens
531 2856 824 2942 requirit.
897 2854 1104 2921 Serib.
1160 2855 1387 2939 igitur:
1443 2848 1527 2919 οὐ
1573 2856 1876 2939 διιείσης,
1926 2852 2119 2941 quod'
2142 2855 2443 2921 Reiskius
2489 2879 2623 2921 mo-

327 2964 482 3031 nuit.
580 2962 892 3028 Similiter
944 2962 1140 3046 paulo
1187 2964 1334 3027 ante
1381 2961 1571 3028 dixit:
1628 2963 1746 3046 τῆς
1792 2958 2205 3049 πυκνότητος
2250 2960 2626 3047 διάχυσιν

326 3067 611 3156 (meliusz
661 3065 1006 3153 διάδυσιν)
1053 3064 1142 3153 μὴ
1190 3064 1592 3153 διδούσης.

501 3175 582 3242 Ο.
635 3176 718 3241 12
779 3179 944 3241 extr:
1001 3178 1235 3259 ἔγωγε,
1299 3170 1512 3259 εἶπεν,
1578 3170 1670 3253 ὡς
1721 3179 1846 3242 τοῦ
1896 3172 2097 3262 ἡλίου
2148 3176 2275 3263 τὴν
2320 3176 2625 3263 σελήνην.

329 3282 429 3349 Ita
473 3284 630 3350 libri
675 3288 742 3348 et
787 3282 1015 3367 seripti
1057 3286 1126 3346 et
1169 3281 1345 3347 editi.
1437 3280 1888 3349 Scribendum:
1936 3286 2164 3367 ἔγωγε,
2211 3278 2436 3349 εἶπον.

503 3388 576 3457 C.
610 3390 692 3456 15
721 3387 810 3476 (p.
838 3388 967 3454 401
989 3385 1089 3473 d):
1126 3383 1294 3454 ἀλλὰ
1321 3386 1754 3475 Πραξιτέλης,
1791 3385 1883 3466 ὣς
1920 3392 2113 3473 ἔοικε,
2150 3388 2358 3475 μόνος
2392 3386 2625 3475 ἠνίασε

331 3494 646 3584 Κράτητα
690 3496 778 3583 τῇ
827 3493 1176 3581 ἐρωμένῃ
1222 3490 1480 3579 τυχὼν
1525 3489 1771 3562 αὐτόθι
1810 3497 2129 3583 δωρεᾶς.
2202 3497 2449 3563 Locum
2488 3499 2625 3561 sine

334 3626 526 3670 eausa
575 3604 948 3670 sollicitant.
1019 3602 1226 3687 Wytt.
1274 3604 1615 3688 proposuit
1649 3600 1876 3687 λαχών
1911 3627 2030 3689 pro
2067 3602 2307 3689 τυχών.
2372 3605 2626 3691 Patzig:

330 3712 538 3777 τελῶν
574 3706 822 3777 αὐτόθι
861 3706 1142 3796 δωρεάν.
1217 3706 1529 3775 Cobetus:
1576 3707 1832 3795 τεύχων
1870 3705 2115 3778 αὐτόθι
2154 3708 2434 3798 δωρεάν.
2496 3711 2625 3797 Sed

333 3822 406 3883 ut
460 3819 694 3885 dieitur
749 3813 1056 3901 τυγχάνω
1119 3817 1373 3903 δωρεᾶς
1431 3816 1558 3902 (ex.
1606 3840 1657 3883 o.
1702 3842 1764 3903 p.
1818 3820 1941 3885 108
1974 3842 2009 3885 e
2054 3824 2121 3885 et
2164 3816 2471 3906 passim),
2530 3820 2625 3883 ita
2696 3877 2723 3893 ,

335 3925 532 3993 etiam
584 3919 892 4009 τυγχάνω
951 3924 1202 4009 δωρεᾶς
1254 3948 1419 3989 τινι
1467 3956 1552 3977 =
1598 3919 1765 4012 ὑπέρ
1819 3948 2006 4004 τινος
2049 3927 2175 3992 diei
2220 3948 2409 4011 posse
2465 3932 2623 4010 puto

336 4031 412 4098 of.
455 4028 775 4117 λαμβάνω
819 4034 891 4123 τί
927 4054 1088 4095 τινι
1127 4060 1210 4083 a
1248 4024 1417 4117 ὑπέρ
1462 4055 1647 4108 τινος
1689 4055 1752 4117 p.
1794 4032 1919 4099 158
1948 4033 1995 4097 f.
2042 4032 2285 4100 Cleom.
2336 4034 2417 4098 18
2466 4036 2625 4098 extr.

337 4137 566 4225 Patzig
603 4139 731 4205 loei
767 4138 1159 4203 sententiam
1188 4138 1358 4202 bene
1389 4139 1724 4223 perspexit
1750 4140 2209 4224 interpretans:
2237 4139 2503 4205 ·‘naotus
2532 4140 2625 4203 ibi

341 4244 598 4329 donum,
634 4245 808 4332 quod
845 4246 1116 4310 donaret
1153 4243 1442 4328 amasio',
1482 4245 1592 4310 sed
1632 4247 1999 4332 corrigendi
2035 4247 2249 4312 studio
2280 4247 2623 4312 aberravit.

510 4351 582 4419 O.
612 4352 694 4417 16
733 4352 947 4417 initio:
993 4354 1290 4438 Κροῖσος
1333 4348 1634 4416 ἐνταῦθα
1671 4350 1782 4417 καὶ
1817 4352 1933 4441 τῆς
1970 4348 2335 4439 ἀρτοποιοῦ
2368 4354 2628 4438 χρυσῆν

339 4454 560 4525 εἰκόνα
606 4455 1058 4545 ,ποιησάμενος
1108 4452 1451 4543 ἀνέθηκε
1471 4457 1505 4494 *
1545 4454 1725 4543 πλὴν
1778 4452 1902 4525 οὐκ
1952 4458 2301 4545 ἐντρυφῶν
2338 4459 2429 4551 τῷ
2470 4460 2623 4550 ἱερῷ
