3200 5175
1231 338 1660 402 ..89-

479 516 551 585 O.
600 519 687 583 22
733 513 824 602 (p.
871 514 1002 581 564
1030 512 1128 601 d):
1176 508 1343 581 ἀλλά
1388 509 1547 592 τοὺς
1590 512 1747 599 μέν,
1792 508 2013 598 ὥσπερ
2065 507 2107 597 ἡ
2155 511 2597 599 καθαρωτάτη

297 622 743 708 πανσέληνος,
792 623 868 689 ἓν
912 624 1144 708 χρῶμα
1188 628 1406 688 λεῖον
1450 619 1562 687 καὶ
1610 618 1882 707 συνεχὲς
1940 619 2067 687 καὶ
2116 615 2426 706 ὁμαλῶς
2473 621 2599 688 ἰέν-

297 755 429 808 τας.
511 730 897 797 Duebnerus
945 730 1233 815 scripsit:
1278 726 1389 795 καὶ
1436 726 1709 814 συνεχὲς
1746 723 2027 813 ὁμαλῶς.
2100 727 2471 814 Legendum
2507 729 2598 793 vi-

301 838 512 904 detur:
567 835 680 903 καὶ
735 834 1006 922 συνεχὲς
1058 836 1168 903 καὶ
1217 831 1478 921 ὁμαλές.
1567 836 1807 902 Forma
1862 829 2111 919 ὁμαλής
2166 835 2267 901 bis
2324 835 2601 901 occurrit

300 946 368 1009 in
401 945 556 1030 Lye.
593 946 634 1011 8
683 947 751 1009 et
787 944 958 1010 alibi.
1033 942 1344 1009 Similiter
1379 941 1546 1008 Plat.
1583 965 1645 1027 p.
1688 943 1815 1008 118
1838 966 1904 1007 a:
1952 946 2134 1008 λεῖον
2179 939 2292 1008 καὶ
2342 937 2598 1027 ὁμαλές.

480 1088 568 1097 —-
614 1075 675 1136 p.
723 1050 855 1117 565
883 1073 944 1116 e:
998 1050 1356 1135 καθαρμοῦ
1411 1045 1524 1114 καὶ
1577 1044 1915 1127 κολάσεως
1968 1046 2173 1133 πέρας
2227 1048 2397 1133 ἐστί,
2450 1046 2599 1115 τού-

299 1182 437 1223 των
481 1155 1005 1242 ἐκλεανθέντων,
1048 1153 1429 1223 παντάπασι
1477 1151 1601 1239 τὴν
1646 1151 1870 1242 ψυχὴν
1925 1150 2246 1240 αὐγοειδῆ
2296 1193 2379 1203 -
2426 1159 2600 1241 γίνε-

301 1270 486 1331 σθαι.
569 1264 674 1330 Ita
717 1265 896 1330 codd.
942 1263 1149 1350 Wytt.
1195 1267 1346 1329 ante
1391 1260 1773 1337 παντάπασι
1818 1264 2233 1329 inserendum
2270 1258 2439 1330 ὥστε
2484 1288 2599 1349 pu-

303 1371 486 1435 tavit.
570 1371 952 1438 Duebnerus
999 1372 1091 1437 sie
1137 1372 1338 1437 dedit:
1386 1370 1590 1457 πέρας
1638 1367 1773 1436 ἐστὶ
1804 1364 1955 1457 κ[τὸ]
2003 1366 2181 1435 τούτ.
2238 1369 2367 1436 ἐκλ.
2412 1392 2603 1437 παντ.

307 1516 388 1525 —-
446 1480 779 1562 γίνεσθαι.
833 1516 921 1525 —-
986 1478 1242 1544 Omisso
1309 1478 1580 1543 articulo
1645 1475 2003 1559 Duebneri,
2062 1476 2356 1560 proxime
2420 1478 2603 1543 codd.

301 1584 738 1651 scribendum:
776 1584 978 1672 πέρας
1015 1586 1175 1668 ἐστί,
1210 1580 1472 1650 τούτων
1507 1583 1658 1667 guz„
1695 1578 2074 1647 παντάπασι
2118 1619 2192 1630 --
2235 1581 2598 1667 γενέσθαι.

479 1729 567 1739 —
613 1715 675 1776 p.
710 1692 842 1758 565
859 1692 914 1757 f:
955 1690 1204 1771 ἐξέπνει
1234 1688 1308 1756 δὲ
1334 1686 1641 1775 μαλακὴν
1666 1688 1779 1755 καὶ
1808 1699 2092 1777 πρᾳεῖαν
2119 1685 2362 1776 αὔραν,
2392 1684 2605 1776 ὀσμὰς

298 1792 778 1884 ἀναφέρουσαν
833 1794 1131 1883 ἡδονῆς
1183 1822 1263 1863 τε
1316 1793 1704 1883 θαυμασίας
1756 1794 1867 1862 καὶ
1912 1797 2155 1883 κρᾶσιν
2196 1802 2331 1863 κτλ.
2412 1797 2603 1863 Dete-

301 1906 504 1973 riores
551 1905 742 1971 codd:
788 1900 1074 1991 ῆδονάς,
1123 1906 1300 1992 quod
1343 1909 1665 1991 praestat3
1723 1907 1826 1970 vel
1877 1906 1934 1971 si
1980 1904 2197 1988 malis,
2250 1907 2606 1989 transpone

299 2035 367 2078 τε
425 2012 598 2097 quod
654 2014 1202 2079 constructionem
1257 2014 1482 2078 turbat
1542 2012 1614 2077 in
1680 2013 1851 2077 hune
1911 2010 2204 2077 modum:
2270 2004 2482 2095 ὀσμάς
2533 2033 2604 2075 τε

301 2113 504 2203 ἀναφ.
551 2113 804 2203 ἡδονῆς
847 2122 1249 2204 θαυμασίας.

481 2224 586 2291 De
631 2226 842 2306 genio
884 2224 1203 2293 Socratis
1251 2248 1301 2291 e.
1345 2226 1377 2289 1
1428 2226 1643 2291 initio:
1700 2220 2053 2314 ζωγράφου
2097 2220 2312 2308 τινός,
2368 2214 2421 2289 ὦ
2469 2228 2601 2289 Κα-

303 2337 549 2419 φεισία,
596 2332 798 2420 *περὶ
842 2334 980 2398 τῶν
1026 2334 1388 2417 θεωμένων
1433 2326 1594 2409 τοὺς
1638 2328 2138 2417 γεγραμμένους
2172 2333 2455 2408 πίνακας
2500 2327 2607 2397 λό-

304 2464 430 2524 γον
495 2434 582 2505 oi*
647 2440 914 2524 φαῦλον
978 2435 1276 2515 ἀκούσας
1349 2436 1423 2503 ἐν
1489 2434 1702 2503 εἰκόνι
1766 2441 2180 2522 λελεγμένον.
2271 2436 2607 2523 Wyttenb.

305 2548 670 2634 proposuit:
719 2536 772 2615 ὦ
812 2550 1172 2632 Καφεισία,
1211 2542 1482 2632 ἤκουσα
1509 2543 1661 2631 περὶ
1700 2545 1835 2612 τῶν
1871 2551 1943 2611 θ.
1990 2544 2201 2611 deleto
2248 2538 2607 2623 ἀκούσας,

305 2657 615 2722 Fortasse
661 2676 805 2719 eum
851 2654 1182 2738 Xylandro
1231 2653 1675 2740 supplendum,
1722 2643 1774 2718 ὦ
1814 2654 2172 2738 Καφεισία,
2222 2648 2604 2740 [μέμνημαι]

307 2761 455 2849 περὶ
500 2761 638 2828 τῶν
683 2758 1049 2846 θεωμένων
1095 2759 1184 2828 κέ.

485 2868 648 2934 Post
691 2890 899 2953 pauca
941 2869 1101 2934 haee
1145 2870 1477 2954 leguntur:
1525 2861 1710 2952 οἶμαι
1758 2861 1841 2952 δὴ
1880 2863 1991 2931 καὶ
2036 2863 2188 2950 περὶ
2224 2859 2340 2942 τὰς
2375 2859 2608 2948 ἀληθι-

309 2973 436 3054 νὰς
480 2971 750 3060 πράξεις
795 2969 1044 3060 ὁμοίως
1086 2975 1224 3042 τῶν
1271 2970 1394 3058 μὲν
1441 2972 1825 3059 ἀργοτέρων
1879 2967 2002 3056 τὴν
2060 2967 2373 3038 διάνοιαν
2428 2971 2607 3057 ἐξαρ-

309 3095 452 3150 κεῖν
517 3078 683 3170 πρὸς
746 3082 1081 3167 ἱστορίαν,
1147 3083 1208 3146 εί
1269 3077 1344 3148 τὸ
1419 3078 1791 3166 κεφάλαιον
1867 3075 2030 3146 αὐτὸ
2094 3077 2205 3146 καὶ
2267 3075 2343 3145 τὸ
2407 3077 2611 3165 πέρας

311 3187 646 3256 πύθοιντο
693 3188 814 3254 τοῦ
859 3185 1269 3274 πράγματος·
1315 3190 1467 3254 τῶν
1515 3185 1590 3254 δὲ
1636 3189 2027 3273 φιλοτίμων
2074 3182 2211 3252 τὸν
2256 3180 2423 3273 ὑπὲρ
2460 3179 2609 3270 ἀρε-

311 3299 426 3383 τῆς
471 3291 691 3384 ὥσπερ
736 3294 969 3380 τέχνης
1013 3291 1300 3380 μεγάλης
1345 3291 1991 3380 ἀπειργασμένον
2037 3288 2291 3376 θεατὴν
2326 3288 2409 3357 τὰ
2452 3287 2603 3357 καθ’

314 3404 553 3470 ἕκαστα
591 3404 846 3494 μᾷλλον
894 3396 1309 3487 εὐφραίνειν,
1344 3402 1468 3467 τοῦ
1511 3398 1636 3486 μὲν
1680 3401 1914 3476 τέλους
1957 3395 2171 3464 πολλὰ
2214 3392 2411 3464 κοινὰ
2445 3394 2612 3480 πρὸς

313 3507 436 3596 τὴν
501 3505 708 3596 τύχην
775 3511 1072 3594 ἔχοντος,
1126 3509 1249 3574 τοῦ
1318 3505 1392 3573 δὲ
1454 3518 1596 3585 ταῖς
1653 3509 1895 3583 αἰτίαις
1946 3503 2057 3571 καὶ
2111 3515 2251 3582 τοῖς
2305 3504 2341 3545 ²¹²
2368 3503 2613 3592 μέρους

315 3613 583 3702 ἀγῶνας
628 3611 826 3702 ἀρετῇ
871 3611 1036 3701 πρὸς
1079 3611 1160 3680 τὰ
1207 3610 1756 3700 συντυγχάνοντα
1808 3611 1919 3678 καὶ
1973 3607 2218 3697 τόλμας
2272 3614 2615 3699 ἔμφρονας

317 3719 496 3809 παρὰ
538 3719 621 3788 τὰ
666 3717 856 3788 δεινὰ
892 3723 1293 3807 καθορῶντα
1338 3721 1546 3811 καιρῷ
1584 3718 1696 3785 καὶ
1741 3715 1947 3786 πάθει
1982 3716 2391 3805 μεμιγμένου
2436 3722 2612 3802 λογι-

319 3833 510 3916 σμοῦ.
541 3867 624 3878 --
664 3831 1001 3914 Wyttenb.
1037 3829 1284 3895 Reiskii
1322 3828 1771 3894 emendatione
1811 3828 2082 3914 διανοίᾳ
2128 3849 2248 3912 pro
2297 3822 2612 3891 διάνοιαν

319 3939 597 4023 probata
651 3940 866 4004 cetera
921 3938 1012 4002 sie
1064 3937 1401 4003 restituere
1457 3938 1755 4002 conatur:
1810 3930 1930 4001 τὸν
1979 3931 2054 3999 δὲ
2100 3929 2456 4018 φιλότιμον
2501 3927 2614 3995 καὶ

321 4040 694 4130 φιλόκαλον
747 4043 884 4109 τῶν
939 4081 1026 4090 --
1071 4037 1622 4128 ἀπειργασμένων
1685 4037 1939 4125 θεατήν
2004 4039 2126 4126 (ita
2189 4037 2490 4102 Reiskius
2550 4041 2618 4102 et

322 4150 734 4238 Duebnerus)
794 4189 870 4198 -—
929 4151 1051 4216 τοῦ
1116 4147 1190 4215 δὲ
1252 4161 1396 4226 ταῖς
1460 4150 1701 4224 αἰτίαις
1764 4145 1873 4212 καὶ
1936 4151 2077 4223 τοϊς
2140 4138 2615 4228 ἐπιγεννήμασι

323 4254 730 4326 ἀκολουθεῖν
777 4253 1253 4343 ἑφιστάνοντος
1311 4250 1520 4321 αὐτὸν
1574 4264 1717 4330 τοῖς
1770 4249 2110 4339 πράγμασι
2164 4245 2252 4328 ὡς
2304 4248 2616 4334 παροῦσι,

322 4362 480 4444 τοὺς
524 4363 1009 4450 γεγενημένους
1065 4361 1169 4428 ἐπὶ
1226 4360 1473 4447 μέρους
1525 4354 1791 4444 ἀγῶνας
1844 4352 2075 4445 ἀρετῇ,
2131 4359 2351 4450 itaque
2404 4356 2617 4423 vertit.

329 4473 669 4540 Postrema
711 4475 930 4538 tamen
975 4471 1098 4536 τοῦ
1151 4465 1227 4535 δὲ
1279 4478 1424 4546 ταῖς
1480 4470 1723 4544 αἰτίαις
1773 4503 1849 4514 ——
1900 4503 1987 4516 —·
2033 4460 2231 4552 ἀρετῇ
2286 4463 2615 4531 violentis-
