3200 5175
1275 301 1754 367 -137-

369 477 640 544 delenda
699 478 888 565 signa
945 478 1506 566 interrogationis;
1569 479 1785 565 ipsum
1847 479 1972 546 hoc
2032 479 2230 564 enim,
2292 481 2462 548 idem
2523 504 2663 548 esse

366 587 739 672 periculum,
786 584 1228 651 demonstrare
1274 584 1625 652 contendit.

543 691 958 760 Platonicae
1012 691 1468 774 quaestiones
1512 691 1613 778 Γ’,
1669 693 1702 758 Ι
1757 693 1971 760 initio:
2036 692 2216 781 περὶ
2268 691 2359 761 τὰ
2405 691 2664 761 πάντα

365 795 679 884 ποιήσας,
732 799 857 864 τοῦ
909 795 1035 884 μὲν
1089 801 1340 883 νοητοῦ
1381 799 1651 887 πρῶτον
1698 793 2061 884 ἀποφαίνει
2105 799 2196 868 κε’.
2286 803 2501 887 Wytt.
2544 827 2664 889 pro

366 905 544 991 περὶ
599 902 692 973 τὰ
745 903 996 972 πάντα
1043 905 1305 972 conicit:
1363 903 1641 992 τέτταρα
1685 903 1919 974 πάντα.
2011 906 2432 975 Scribendum
2479 913 2663 995 puto:

370 1008 587 1100 ΜΕῬΗ
635 1027 718 1098 Δ’
767 1028 882 1118 (π
927 1028 1230 1118 τέτταρα)
1284 1027 1517 1098 πάντα.
1586 1032 1627 1098 i.
1672 1054 1724 1098 e.
1774 1033 1991 1099 ΜΕΡΗ
2039 1034 2104 1099 Δ
2149 1034 2455 1120 ΠΑΝΤΑ,
2501 1056 2664 1120 quae

367 1138 672 1204 librarius
728 1161 847 1224 pro
901 1136 1052 1224 περὶ
1106 1133 1187 1203 τὰ
1230 1133 1452 1204 πάντα
1499 1140 1766 1226 accepit.
1860 1138 2170 1206 Similiter
2213 1145 2667 1226 permutantur

367 1242 704 1324 παθόντες
731 1269 746 1311 z
774 1240 1128 1330 μαθόντες.
1208 1246 1631 1330 Μυρωνίδης
1658 1270 1675 1311 :
1701 1247 2112 1331 Πυρωνίδης
2156 1247 2387 1336 (Perie.
2432 1271 2485 1314 ο.
2532 1247 2663 1337 24).

369 1354 771 1431 Δείπνιστος
798 1377 814 1418 2
835 1347 1274 1437 Ἀείμνηστος.

552 1495 627 1507 -
678 1455 800 1542 H'‚
844 1457 942 1524 IV
981 1456 1071 1544 (p.
1111 1459 1281 1524 1007
1304 1454 1398 1545 e):
1447 1452 1524 1524 οἰ
1574 1453 1705 1544 γὰρ
1754 1450 1903 1526 οἷόν
1938 1483 2007 1526 τε
2043 1459 2245 1548 χωρὶς
2290 1459 2545 1548 χρόνου
2587 1461 2664 1530 τὸ

366 1562 727 1652 γεννητόν,
773 1561 994 1651 ὥσπερ
1041 1561 1202 1632 οὐδὲ
1245 1561 1321 1631 τὸ
1369 1559 1621 1650 νοητὸν
1668 1567 1930 1644 αἰῶνος.
2018 1568 2524 1654 wyttenbachio
2570 1573 2664 1637 iu-

367 1676 558 1740 bente
603 1673 988 1738 Duebnerus
1033 1676 1184 1757 post
1230 1663 1380 1738 οἷόν
1417 1696 1484 1738 τε
1531 1673 1760 1738 inserit
1806 1668 1978 1740 εἶνα
1993 1699 2035 1740 ι.
2096 1674 2264 1741 Mihi
2310 1680 2462 1763 post
2507 1679 2664 1744 αἰῶ-

370 1782 528 1849 Noc
573 1778 934 1846 addendum
980 1778 1235 1845 videtur
1283 1780 1527 1846 ΝΟΕἴν.

543 1903 650 1971 De
695 1903 972 1970 animae
1017 1903 1364 1987 procreat.
1410 1903 1489 1968 in
1538 1903 1832 1972 Timaeo
1880 1928 1931 1971 ο.
1969 1908 2054 1973 38
2102 1905 2190 1994 (p.
2234 1909 2404 1976 1029
2424 1908 2518 1997 f):
2566 1902 2667 1988 οἷς

366 2010 478 2078 καὶ
521 2005 604 2077 τὰ
647 2007 1001 2096 κωφότατα
1046 2006 1338 2095 σώματα,
1385 2013 1573 2076 λίθοι
1618 2009 1728 2077 καὶ
1777 2008 1941 2090 ξύλα
1985 2011 2096 2078 καὶ
2141 2014 2372 2099 φλοιοὶ
2408 2018 2665 2101 φυτῶν,

366 2119 477 2186 καὶ
523 2121 790 2204 θηρίων
836 2116 992 2183 εἰσὶ
1037 2115 1148 2183 καὶ
1193 2113 1454 2200 πιτύαι,
1502 2115 2095 2204 συγκεραννύμενα
2138 2120 2250 2187 καὶ
2298 2139 2663 2208 συναρμοτ-

365 2223 637 2312 τόμενα,
681 2218 1078 2310 θαυμαστὰς
1122 2219 1246 2310 μὲν
1291 2219 1691 2310 ἀγαλμάτων
1739 2219 1946 2309 ὄψεις,
1994 2224 2388 2311 θαυμαστὰς
2434 2227 2510 2294 δὲ
2544 2251 2666 2296 πα·
2786 2251 2797 2256 ·

368 2330 542 2418 ρέχει
579 2327 953 2416 φαρμάκων
987 2328 1098 2396 καὶ
1137 2324 1452 2415 ὀργάνων
1491 2327 1825 2416 δυνάμεις.
1887 2330 2177 2399 Verbum
2223 2335 2386 2399 εἰσί
2416 2336 2666 2402 scribae

369 2440 625 2506 cuidam
673 2437 891 2504 deberi
937 2459 1160 2504 omnes
1209 2438 1654 2523 consentiunt,
1700 2437 1814 2504 sed
1860 2438 2015 2523 quid
2059 2441 2263 2506 lateat
2306 2462 2439 2506 non
2484 2464 2667 2526 repe-

367 2547 549 2614 ritur.
631 2543 794 2614 Cum
841 2548 907 2611 et
953 2545 1278 2611 sententia
1323 2547 1388 2610 et
1432 2543 1747 2611 orationis
1801 2565 2003 2611 nexus
2052 2545 2532 2614 substantivum
2569 2568 2665 2614 re-

371 2654 658 2740 quirant,
715 2653 886 2739 quod
939 2652 1067 2719 hue
1121 2652 1346 2736 faeiat,
1399 2673 1531 2717 una
1574 2652 1766 2718 litera
1811 2653 2023 2718 deleta
2068 2653 2479 2719 scribendum
2528 2676 2665 2720 esse

367 2782 553 2864 puto:
591 2776 702 2845 καὶ
731 2779 997 2862 θηρίων
1025 2751 1143 2843 ἸΟῙ
1171 2773 1282 2841 καὶ
1311 2772 1560 2859 πιτύαι,
1587 2778 1631 2843 i.
1664 2799 1717 2842 e.
1746 2776 1968 2865 (Ε)ΙΟΙ.
2014 2777 2094 2844 ef.
2121 2800 2185 2863 p.
2220 2778 2475 2844 1065b:
2514 2772 2661 2844 ἀλλ’

369 2880 592 2965 ὥσπερ,
649 2883 858 2961 ἐνίαις
918 2883 1053 2948 τῶν
1119 2883 1436 2968 ἰατρικῶν
1492 2879 1849 2968 δυνάμεων
1905 2879 2026 2962 ἰὸς
2081 2878 2300 2970 ὄφεως
2342 2883 2454 2950 καὶ
2501 2880 2663 2970 χολὴ

367 2987 626 3077 ὑαίνης,
674 2987 886 3069 οὕτως
930 2985 1301 3076 ἀναγκαῖόν
1348 2989 1530 3056 ἐστιν
1575 2988 2028 3076 ἐπιτηδειότης
2074 2988 2263 3076 ἑτέρα
2306 2997 2441 3058 κτλ.

501 3159 506 3165 -
545 3115 652 3185 De
691 3113 1100 3183 Steieorum
1137 3114 1635 3202 repugnantiis
1676 3137 1730 3182 e.
1768 3116 1809 3181 9
1848 3114 1941 3205 (p.
1985 3114 2234 3204 10350)
2273 3117 2473 3182 immo
2514 3118 2666 3183 seri-

369 3225 677 3292 bendum:
731 3218 1122 3301 κελεύοντος
1177 3220 1252 3289 δὲ
1306 3219 1395 3308 μή
1443 3219 1774 3309 πρότερον
1820 3217 1968 3289 ἀλλ’
2018 3219 2305 3309 ὕστερον
2350 3223 2665 3289 ἐκεῖνον

369 3332 484 3418 (se.
529 3328 652 3397 τὸν
697 3326 989 3416 φυσικὸν
1034 3326 1263 3415 λόγον,
1308 3332 1506 3417 vulgo
1544 3329 1849 3417 ἐκείνων)
1889 3331 2412 3415 παραδίδοσθαι.
2484 3329 2666 3397 Reis-

369 3440 513 3504 kius
560 3438 948 3509 coniecerat:
996 3435 1274 3505 ἐκείνου.
1348 3436 1427 3503 ef.
1473 3438 1733 3503 initium
1780 3460 1918 3523 cap.

548 3544 617 3612 C.
647 3546 729 3611 21
761 3544 853 3630 (p.
885 3542 1159 3630 10440):
1206 3541 1468 3629 γένοιτο
1517 3536 1580 3609 δ’
1632 3536 1718 3609 ἂν
1762 3540 2049 3629 μάλιστα
2093 3540 2339 3611 τούτου
2384 3545 2668 3628 ἔμφασις

371 3651 476 3720 ἐπὶ
540 3652 656 3737 τῆς
715 3648 960 3738 κέρκου
1024 3651 1148 3717 τοῦ
1202 3647 1364 3717 ταώ·
1422 3651 1721 3718 ἐνταῦθα
1766 3646 1893 3735 γὰρ
1942 3650 2308 3736 ἐπιφαίνει,
2371 3645 2446 3715 τὸ
2496 3651 2666 3739 ζῷον

370 3758 720 3845 γεγονέναι
757 3757 949 3825 ἕνεκα
983 3759 1100 3843 τῆς
1134 3756 1397 3844 κέρκου,
1434 3756 1545 3823 καὶ
1584 3753 1708 3823 οὐκ
1736 3753 2091 3841 ἀνάπαλιν,
2126 3758 2227 3847 τῷ
2267 3752 2546 3845 ἄρρενι
2574 3781 2667 3841 γι-

370 3864 634 3955 νομένῳ
664 3862 896 3950 οὕτως,
933 3859 974 3951 ἢ
1003 3866 1426 3950 θηλυδοῦν
1451 3861 1936 3951 ἠκολούθηκεν.
1992 3866 2099 3932 Ita
2134 3865 2315 3931 codd.
2340 3865 2467 3931 nisi
2495 3866 2668 3951 quod

371 3974 429 4039 B
475 3974 675 4039 habet
714 3966 757 4058 ἢ
795 3973 1166 4057 θηλυγοῦν.
1236 3972 1444 4059 Wytt.
1483 3974 1783 4039 coniecit:
1827 3973 1918 4063 τῷ
1960 3966 2023 4037 δ’
2066 3967 2299 4059 ἄρρενι
2333 3968 2667 4061 γινομένω

374 4077 586 4159 οὕτως
637 4075 680 4166 ἡ
716 4076 960 4165 θήλεια
996 4078 1168 4165 γοῦν
1203 4074 1691 4165 ἠκολούθηκεν,
1729 4101 1893 4165 quae
1941 4080 2086 4165 quis
2132 4100 2269 4145 non
2312 4078 2489 4144 videt
2532 4100 2666 4144 ma-

371 4208 546 4272 xime
587 4206 869 4293 frigere?
951 4203 1416 4292 Corrigendum
1464 4207 1649 4289 puto:
1708 4204 1799 4294 τῷ
1848 4180 2047 4288 [γᾸΡ]
2094 4204 2378 4290 ἈΡρενι
2432 4200 2556 4290 (ita
2602 4206 2671 4269 et

373 4328 618 4417 Reisk.)
665 4327 1002 4418 γενομένω
1049 4324 1262 4407 οὕτως
1305 4324 1348 4413 ἡ
1385 4304 1669 4396 ΘΙ-ἸΛΕΙΑ
1704 4325 1820 4414 (==-·
1850 4304 2151 4415 ΘΗΛΥΑ)
2208 4323 2335 4393 οὐκ
2387 4320 2476 4393 ἂν
2518 4321 2668 4412 ἢκο-

372 4436 735 4522 λούθησεν.
