3200 5175
1555 328 2000 395 ...93.-..

809 544 895 555 ·-—
945 504 985 571 6
1035 502 1126 594 (p.
1173 506 1302 572 618
1332 503 1427 593 f):
1483 503 1817 590 σοφιστὴν
1874 502 1950 570 δὲ
1993 502 2232 572 κωλύω
2280 510 2923 591 συγκατακλίνεσθαι

633 614 918 700 σοφιστῇ
962 611 1074 679 καὶ
1117 608 1400 699 ποιητὴν
1445 614 1710 701 ποιητῇ,

621 728 632 733 “
897 715 1180 805 Πτωχὸς
1222 716 1350 807 γὰρ
1395 721 1629 810 πτωχῷ
1677 719 1961 806 φθονέει
2004 719 2116 786 καὶ
2162 717 2394 799 ἀοιδὸς
2438 716 2675 811 ἀοιδῷ·

629 830 866 915 καίπερ
909 829 1262 913 Σωσικλῆς
1306 817 1502 928 οὗτος
1544 826 1658 893 καὶ
1694 824 2048 906 Μόδεστος
2094 825 2391 894 ἐνταῦθα
2428 829 2927 914 συνερείδοντες

631 937 787 1012 ἔπος
829 930 1064 1020 παρὰ*
1111 930 1566 1020 ἐζωπύρουν
1603 932 2021 1023 (Duebnerus
2063 937 2502 1023 ζωπυρίων)
2543 932 2769 1021 φλόγα
2806 933 2925 1020 μὲν

630 1035 800 1107 ἀλλὰ
836 1037 1313 1108 κινδυνεύουσι
1351 1037 1431 1106 τὰ
1463 1038 1799 1107 κάλλιστα.
1872 1042 1953 1108 In
1987 1044 2203 1109 locum
2231 1043 2642 1127 desperatum
2679 1043 2927 1109 Reiskii

631 1150 968 1216 annotatio
1032 1150 1192 1215 haec
1257 1152 1382 1215 est:
1449 1148 1647 1215 ‘nihil
1709 1150 1901 1215 huius
1980 1150 2108 1216 loci
2172 1150 2472 1235 intelligo
2538 1154 2803 1235 praeter
2864 1151 2927 1215 id

631 1278 858 1341 unum,
913 1256 1366 1342 έκζωπυροῦσι
1441 1257 1787 1342 legendum
1862 1256 2044 1322 esse?
2139 1255 2352 1341 Wytt.
2412 1257 2715 1322 coniecit:
2776 1273 2927 1323 συν·

631 1362 1001 1447 ερείδοντες
1055 1365 1211 1441 ἔπος
1262 1356 1438 1447 παρ’
1499 1365 1683 1441 ἔπος
1738 1360 1910 1449 (oum
1966 1360 2217 1450 Steph.)
2275 1364 2651 1448 ζωπυροῦσι
2708 1362 2928 1447 φλόγα

632 1466 877 1555 ὅμοιοι,
915 1466 1051 1557 ἅμα
1080 1468 1488 1537 συννεύουσι
1523 1468 1641 1549 τὰς
1677 1466 1989 1554 κεφαλάς,
2019 1492 2182 1556 quae
2212 1473 2279 1535 et
2312 1470 2537 1554 inepta
2566 1475 2632 1535 et
2668 1471 2930 1536 soloeca

631 1582 801 1643 sunt.
882 1577 1091 1646 Locus
1127 1579 1351 1645 multis
1397 1579 1574 1644 vitiis
1613 1578 2095 1644 contaminatus
2142 1580 2258 1643 est.
2338 1572 2631 1642 Primum
2667 1578 2744 1641 in
2789 1600 2930 1663 par-

628 1684 828 1750 ticula
872 1688 1107 1771 καίπερ
1150 1686 1334 1751 nulla
1379 1690 1482 1751 est
1534 1685 1703 1750 ratio
1760 1684 2213 1769 grammatica3
2268 1684 2717 1770 corrigendam
2772 1687 2927 1769 puto

631 1786 920 1877 ὥσπερ;
977 1795 1206 1857 notum
1271 1793 1444 1857 enim
1500 1794 1601 1857 est
1654 1794 1772 1857 καί
1830 1794 1895 1857 et
1958 1786 2049 1869 ὦς
2110 1790 2489 1876 saepissime
2553 1792 2928 1875 permutari.

632 1895 944 1965 Similiter
977 1922 1040 1984 p.
1075 1900 1248 1964 1002
1273 1899 1317 1963 b
1353 1921 1473 1983 pro
1519 1900 1800 1983 καίπερ
1843 1894 2035 1984 ἡμῶν
2082 1894 2365 1965 ἑκάστου
2398 1897 2608 1983 Wytt.
2654 1898 2930 1965 coniecit

630 1997 850 2088 ὥσπερ
905 1998 1019 2089 ἡμ.
1071 2002 1154 2089 εἴ,
1202 2005 1376 2090 quod
1431 2003 1815 2071 Duebnerus
1867 2006 2128 2091 recepit.
2212 2004 2470 2091 Cetera,
2527 2027 2609 2071 ne
2674 2006 2929 2091 singula

632 2131 1016 2197 enumerem,
1060 2113 1156 2177 ita
1202 2112 1601 2177 restituenda
1645 2112 1969 2178 videntur:
2022 2114 2521 2199 συνερείδοντες
2567 2114 2725 2189 ἔπος
2772 2107 2922 2196 παρ’

629 2220 840 2299 ἔ[πος]
899 2218 1028 2301 έ[κ]
1090 2218 1466 2305 ζωπύρων
1519 2216 1779 2304 φλόγα
1847 2216 2196 2305 μεγάλην
2254 2215 2738 2287 κινδυνεύουσι
2796 2240 2926 2284 πα·

630 2322 1180 2414 ρανιστάν[ΑΙ].
1265 2328 1577 2411 ΔΙΐστημι
1646 2321 1723 2390 δὲ
1780 2322 1871 2391 κὲ.
1961 2325 2173 2391 Erant
2245 2325 2487 2393 scilieet
2548 2328 2800 2410 scripta
2860 2326 2927 2390 in

627 2450 800 2516 huno
873 2450 1078 2515 ferme
1141 2451 1432 2519 modum:
1505 2436 2165 2518 φΛοι-ΑΛΛενΑΝῑῆ
2217 2488 2293 2498 -
2346 2436 2925 2534 [ΆκΑΛΛετᾸ[Αι],

628 2556 800 2623 unde
846 2557 1168 2644 librariae,
1213 2580 1358 2624 oum
1394 2580 1514 2643 pro
1551 2542 1719 2625 ΑΛΙῙῙ
1759 2556 2122 2642 supplendo
2173 2555 2437 2644 (ΑΛΛΑ)
2483 2544 2651 2624 ἀλλά
2700 2558 2926 2624 eodem

629 2687 752 2750 que
790 2663 982 2730 modo
1021 2665 1346 2732 ΤΑΚΑΛΛΙ
1389 2663 1457 2753 (i.
1496 2687 1547 2728 e.
1583 2660 1666 2729 τὰ
1702 2661 1971 2751 κάλλι-).
1993 2687 2110 2748 pro
2152 2666 2403 2731 ΙΆΡΑΝΙ
2444 2663 2513 2749 (i.
2541 2687 2593 2730 e.
2620 2666 2927 2751 παρανι-)

523 2775 537 2784 ’
630 2772 919 2857 legisset,
964 2771 1080 2837 illa
1125 2776 1422 2839 monstra
1466 2771 1790 2856 produxit.
1876 2769 2212 2837 Sententia
2264 2772 2639 2856 postulante
2694 2769 2770 2836 ἐκ
2819 2775 2926 2850 ζω-

627 2875 865 2965 πύρων
909 2915 983 2926 -
1028 2875 1517 2964 παρανιστάναι
1559 2877 1734 2943 idem
1772 2877 1908 2942 fere
1954 2900 2094 2942 esse
2130 2880 2389 2963 oportet
2425 2881 2618 2962 atque
2665 2871 2926 2943 έκ-ἀνα-

631 2986 1002 3071 ζωπυροῦν.
1081 2984 1330 3051 Verum
1375 2989 1598 3050 tamen
1646 2985 1723 3050 de
1769 2980 2261 3070 παρανιστάναι
2315 2984 2422 3067 (ef.
2468 2983 2810 3050 Demosth.
2856 2981 2923 3070 9)

630 3092 928 3157 dubitare
969 3090 1144 3175 licet,
1169 3113 1379 3177 neque
1417 3092 1590 3176 quod
1626 3091 1903 3158 fortasse
1938 3092 2313 3158 conieceris:
2350 3085 2921 3177 παρ-ἀν-αίθύσ-

630 3216 800 3264 σειν
868 3195 977 3286 (ef.
1041 3195 1197 3262 Eur.
1255 3197 1400 3264 Tro.
1449 3199 1610 3264 344:
1664 3192 1830 3283 ἀτὰρ
1885 3194 2143 3284 λυγράν
2212 3222 2286 3282 γε
2345 3191 2537 3283 τήνδ’
2597 3192 2923 3263 ἀναιθύσ-
3009 3203 3027 3226 “
3160 3201 3162 3222 ²

629 3322 767 3384 σεις
811 3302 1061 3392 φλόγα)
1106 3305 1439 3371 literarum
1484 3306 1777 3392 vestigiis
1824 3306 2187 3390 proximum
2234 3309 2348 3370 est.

803 3411 945 3478 Lib.
989 3411 1040 3498 I,
1084 3411 1199 3498 IV,
1245 3413 1287 3478 2
1335 3411 1424 3497 (p.
1472 3415 1598 3478 621
1634 3410 1730 3500 a):
1775 3406 2084 3497 *ἀνέδην
2127 3410 2239 3478 καὶ
2284 3407 2449 3478 κατὰ
2475 3409 2511 3447 *
2558 3407 2924 3497 ἀπάγοντες

631 3517 862 3607 (intell.
926 3518 1160 3604 τάχιον
1224 3516 1709 3607 μεθύσκονται)
1766 3520 1904 3585 τῶν
1970 3513 2528 3602 ἀσελγαινόντων.
2618 3517 2920 3587 Reiskius

629 3625 902 3691 coniecit
961 3619 1213 3710 ἀνέδην
1274 3624 1386 3692 καὶ
1448 3623 1833 3710 κατακόρως
1886 3620 2340 3702 ἀπολαύοντες
2401 3626 2537 3691 τῶν
2591 3643 2919 3711 σικχαινο-

626 3729 868 3817 μένων.
945 3731 1155 3817 Wytt:
1201 3770 1276 3779 —
1318 3728 1593 3820 ᾅδοντες
1637 3733 1773 3798 τῶν
1821 3728 2188 3816 σιγώντων.
2268 3731 2433 3798 Mihi
2489 3735 2917 3819 supplendum

626 3839 904 3904 videtur:
973 3835 1070 3928 [οἰ
1118 3833 1264 3928 οὐκ]
1333 3834 1582 3923 ἀνέδην
1649 3836 1760 3904 καὶ
1824 3835 1988 3904 κατὰ
2052 3835 2316 3922 [κόρον]
2381 3834 2727 3923 διάγοντὲς
2787 3843 2919 3907 τῶν

626 3939 1187 4030 ἀσελγαινόντων.
1266 3946 1669 4013 Posteriores
1735 3947 1907 4013 enim
1961 3950 2036 4012 ut
2090 3946 2432 4013 assuefacti
2488 3949 2697 4033 magis
2771 3950 2917 4014 vino

625 4054 956 4120 resistunt.

811 4197 886 4209 --
937 4161 979 4226 3
1028 4158 1118 4249 (p.
1167 4162 1293 4226 621
1328 4158 1418 4247 e):
1466 4161 1529 4225 εἰ
1571 4155 1648 4225 δὲ
1683 4157 2014 4246 χρήσομαι
2056 4155 2225 4225 κατὰ
2268 4161 2403 4225 πᾶν
2451 4155 2628 4250 αὐτῷ
2673 4199 2749 4209 -
2800 4156 2917 4229 οὐκ

628 4261 807 4333 οῖδα·
853 4264 1029 4334 *τὸν
1068 4268 1149 4333 δέ
1179 4291 1294 4352 μοι
1333 4269 1521 4333 δοκεῖ
1548 4267 1710 4332 τοι*
1750 4284 1889 4332 σων
1926 4263 2001 4334 τὸ
2041 4263 2419 4351 συμπόσιον
2464 4263 2702 4346 *ἄξειν
2737 4263 2915 4354 ἡμῖν,

625 4371 734 4438 καὶ
782 4369 870 4458 μὴ
917 4369 1207 4452 ὄψεσθαι
1254 4370 1343 4439 κε’.
1425 4373 1729 4438 Reiskius
1778 4375 1871 4439 sie
1918 4373 2225 4458 explevit:
2274 4361 2471 4450 οὗτος
2526 4373 2606 4440 δέ
2650 4399 2766 4462 μοι
2813 4375 2913 4440 δο-

625 4491 732 4547 κεῖ
768 4479 1075 4556 τοιοῦτος
1122 4473 1221 4546 ω”ν
1267 4480 1454 4566 (haee
1510 4504 1658 4547 cum
1706 4477 1955 4568 Steph.)
2002 4476 2077 4548 τὸ
2134 4481 2511 4566 συμπόσιον
2566 4480 2641 4546 ἐν
2692 4478 2912 4570 κόσμῳ
