3200 5175
1153 328 1629 395 -101—

208 502 614 588 Stephanus
664 505 862 571 dedit:
910 500 991 572 οὐ
1037 505 1254 584 καλῶς
1300 501 1438 573 εἷπε
1482 503 1682 573 τοῦτό
1726 527 1885 575 ποτε
1939 521 2179 591 ποιεῖν,
2217 504 2330 575 ἅτε
2374 504 2541 595 πρὸς

203 605 332 695 τὴν
385 605 752 695 κάθαρσιν
797 613 951 695 ἔχον
994 608 1120 697 τὴν
1163 614 1264 699 δρ.
1338 611 1442 677 Ad
1481 614 1869 679 sementiam
1913 617 2149 681 rectius
2190 616 2536 701 Wyttenb:

205 712 334 785 οὐκ
383 714 545 784 εἷπε
595 719 793 785 τοῦτο
840 730 1058 785 ποιεῖν
1103 715 1192 805 μῆ
1242 716 1607 802 δύνασθαι,
1654 716 1769 785 ἅτε
1814 718 1982 804 πρὸς
2026 718 2149 807 τὴν
2198 721 2535 808 κάθαρσιν

205 826 364 909 ἔχον
417 819 567 909 τὴν
601 826 716 910 ,δρ.
759 860 839 871 -·
878 824 1182 890 Fortasse
1233 827 1688 911 supplendum:
1743 823 1827 893 οῦ
1874 832 2275 913 [ΠΕραίνειν
2317 831 2535 906 κακῶς

203 926 417 1013 efflue
467 932 705 1013 τοῦτο,
753 926 950 997 ὁπότε
999 930 1162 1013 [καὶ]
1209 928 1376 1016 πρὸς
1416 928 1541 1018 τὴν
1587 930 1957 1019 κά[θαρσιν
1998 931 2329 1021 συνεργὸν
2375 938 2533 1021 ἔχει]

199 1032 330 1121 τὴν
382 1034 790 1123 δριμύτητα.

394 1180 555 1246 Lib.
583 1179 666 1265 II,
709 1182 742 1245 1
784 1178 874 1267 (Ρ.
913 1182 1041 1248 629
1071 1180 1165 1265 f):
1214 1174 1323 1245 οἷα
1359 1176 1559 1265 ἥδιον
1593 1172 1682 1268 ἦν
1721 1182 2140 1269 ἐρωτηθῆναι
2186 1178 2355 1269 ῆμὴ
2397 1182 2533 1265 [καὶ

207 1282 297 1363 ὥς
339 1289 732 1369 ἔσκωπτον]
772 1279 879 1353 οἷα
928 1288 1328 1372 σκωφθῆναι
1364 1287 1532 1354 καὶ*
1579 1285 1777 1374 ἥδιον
1822 1280 1910 1373 ἦν
1954 1283 1995 1373 ἢ
2034 1288 2143 1375 μή.
2222 1288 2533 1375 Supplen-

209 1394 368 1458 dum
411 1397 617 1479 puto:
655 1394 1056 1478 σκωφθῆναι
1092 1392 1204 1460 καὶ
1245 1396 1579 1478 [σκῶψαι].
1628 1396 1705 1461 ef.
1742 1420 1801 1479 p.
1842 1398 1967 1461 631
1991 1398 2045 1460 f:
2093 1392 2167 1462 τὸ
2208 1392 2534 1463 σκώπτειν

208 1497 498 1579 ἀλύπως
543 1499 655 1567 καὶ
703 1497 1175 1587 σκωπτόμενον
1221 1501 1470 1585 φέρειν.
1542 1525 1602 1586 p.
1652 1502 1780 1567 613
1810 1504 1864 1567 f:
1924 1499 2374 1587 σκωπτόμενοι
2421 1502 2531 1568 καὶ

210 1604 666 1685 σκώπτοντες.

403 1786 490 1798 ——-
546 1752 598 1833 Ι,
654 1752 697 1815 2
759 1748 846 1836 (Ρ.
903 1752 1034 1817 630
1061 1748 1158 1839 a):
1223 1744 1266 1815 ἃ
1323 1747 1453 1836 γὰρ
1512 1744 1893 1835 ,ἀγνοοῦσιν
1970 1743 2010 1835 ἢ
2072 1747 2160 1836 μὴ
2227 1751 2533 1835 λέγοντες

215 1852 568 1941 ἄχθονται
616 1894 699 1903 -—-
748 1850 790 1941 ἢ
837 1857 1144 1941 λέγοντες
1190 1850 1318 1923 ἀπὸ
1369 1855 1569 1943 δόξης
1622 1856 1733 1923 καὶ
1782 1861 2075 1935 εἰκασίας
2130 1852 2211 1924 οὐ
2255 1860 2534 1943 βεβαίου

214 1960 800 2050 διαταράσσονται
855 1962 966 2029 καὶ
1019 1960 1663 2030 κινδυνεύουσιν.
1746 1963 2035 2031 Verbum
2090 1966 2439 2046 manifesto
2495 1989 2535 2033 a

215 2071 518 2137 librariis
569 2071 916 2137 conflatum
962 2071 1265 2136 κινδυν.
1339 2070 1551 2155 Wytt.
1599 2073 1909 2137 correxit:
1958 2075 2404 2157 κυμαίνουσιν
2431 2074 2534 2138 vel

219 2177 724 2263 δειμαίνουσιν.
801 2176 878 2243 In
917 2177 1112 2241 simili
1149 2198 1218 2241 re
1249 2176 1402 2259 quid
1441 2175 1831 2241 Plutarchus
1869 2177 2105 2243 dixerit
2150 2183 2419 2262 apparet
2456 2200 2534 2243 ex

219 2306 282 2366 Ρ.
335 2285 522 2350 1120
550 2283 601 2349 f:
648 2285 720 2349 οἳ
762 2279 876 2369 (sc.
915 2281 986 2349 οἰ
1023 2279 1282 2368 παῖδες)
1327 2278 1484 2359 τοὺς
1529 2283 1946 2367 χαρακτῆρας
1984 2282 2058 2348 ἐν
2100 2294 2241 2359 τοῖς
2275 2282 2533 2362 πυξίοις

219 2387 613 2476 ἐθιζόμενοι
659 2389 894 2474 λέγειν,
941 2383 1104 2454 ὅταν
1149 2390 1272 2469 ἔξω
1319 2388 1819 2473 γεγραμμένους
1865 2389 1940 2457 ἐν
1978 2387 2227 2475 ἑτέροις
2272 2390 2531 2475 ἴδωσιν,

221 2477 768 2582 ἀμφιγνοοῦσι
803 2494 933 2561 καὶ
973 2492 1510 2579 ταράττονται.
1577 2493 1883 2581 Suspicor
1918 2498 2120 2582 igitur
2157 2498 2353 2561 etiam
2382 2498 2526 2562 loeo

221 2611 458 2671 nostro
507 2604 916 2670 scribendum
961 2626 1126 2670 esse:
1175 2599 1737 2688 διαταράσσονται
1791 2602 1904 2670 καὶ
1953 2599 2528 2692 [ἄμφιγ]νοοῦσιν,

225 2715 300 2776 ut
347 2713 654 2779 librarius
691 2718 973 2776 veterem
1021 2711 1435 2795 scripturam:
1483 2762 1498 2776 .
1527 2760 1541 2774 .
1573 2762 1586 2775 .
1627 2713 1977 2778 ΝΟΟΥΕΙΝ
2018 2712 2095 2777 de
2132 2733 2249 2777 suo
2288 2715 2529 2776 temere

225 2819 632 2906 supplevisse
676 2819 984 2884 videatur.
1690 2830 1695 2836 '

405 2999 498 3010 -—·
542 2962 592 3044 I,
637 2963 682 3026 4
731 2957 820 3048 (p.
859 2960 985 3026 631
1020 2958 1114 3046 d):
1163 2956 1272 3023 καὶ
1317 2955 1623 3025 καθόλου
1672 2959 2101 3045 διαλέγεσθαι
2146 2960 2339 3038 τοῖς*
2385 2973 2529 3039 νοῖς

227 3068 486 3152 μᾶλλον
539 3059 582 3152 ἢ
628 3079 768 3144 τοῖς
821 3067 1198 3152 φλυαροῦσι
1258 3069 1744 3153 χαλεπαίνομεν
1770 3066 1805 3102 *
1860 3063 1963 3133 ὅτι
2020 3062 2083 3132 δ’
2146 3062 2343 3146 ὅλως
2386 3065 2461 3134 τὸ
2492 3071 2529 3110 *

229 3197 387 3257 ματι
443 3172 799 3258 προσέσται
832 3171 872 3208 *
925 3169 1001 3239 τὸ
1060 3174 1338 3258 σκῶμμα
1393 3170 1765 3260 λοιδόρημα
1828 3170 1901 3240 δὲ
1930 3176 1965 3216 *
2024 3169 2199 3242 εἶναι
2252 3175 2381 3240 καὶ
2426 3198 2529 3242 πε-

229 3278 600 3365 ποιημένον
659 3279 732 3346 ἐκ
787 3281 1225 3367 παρασκευῆς.
1306 3280 1411 3346 Ita
1468 3280 1647 3346 codd.
1705 3279 2071 3365 Stephanus
2135 3303 2169 3346 e
2225 3282 2526 3350 Turnebo

234 3386 432 3454 dedit:
497 3423 574 3436 —
633 3399 773 3464 τοῖς
839 3388 1114 3462 δεινοῖς
1179 3423 1254 3434 --
1318 3389 1832 3471 χαλεπαίνομεν·
1898 3388 2145 3470 δῆλον
2210 3385 2357 3475 γὰρ
2425 3384 2525 3454 ὅτι

235 3488 429 3572 ὅλως
476 3493 731 3579 δῆγμά
785 3517 857 3559 τι
915 3493 1273 3578 προσέσται
1329 3487 1506 3582 αὐτῷ
1563 3494 1653 3582 τῷ
1712 3489 2085 3579 σκώμματι,
2140 3489 2393 3579 λοιδόρ.
2452 3491 2526 3558 δὲ

233 3595 699 3688 ὑβριστικὸν
745 3602 1168 3688 συμβαίνει
1216 3594 1390 3666 εἶναι
1435 3597 1523 3664 κὲ.
1608 3599 1685 3666 V.
1731 3600 1931 3664 habet
1984 3600 2229 3684 δῆλον
2279 3599 2367 3666 δέ
2404 3623 2523 3688 pro

237 3709 446 3792 δῆλον
492 3704 618 3792 γάρ
659 3712 726 3773 et
771 3709 990 3792 σχῆμα
1035 3731 1154 3792 pro
1194 3707 1436 3792 δῆγμα,
1473 3709 1540 3770 et
1583 3709 1737 3790 post
1782 3701 1952 3772 εἶναι
1989 3705 2102 3772 καὶ
2148 3706 2379 3772 inserit
2415 3702 2525 3774 οὐ.

233 3813 441 3900 Wytt.
487 3816 832 3901 legendum
891 3817 1168 3880 monuit:
1223 3825 1362 3891 τοῖς
1409 3813 1838 3898 διαλέγεσθαι
1889 3817 2139 3891 δεινοῖς
2185 3815 2439 3901 μᾶλλον
2480 3809 2521 3899 ἢ

232 3933 370 3998 τοῖς
414 3925 522 4006 φλ.
569 3927 710 4007 χαλ.
756 3923 1098 4005 γελῶσιν
1144 3917 1258 4006 ἐφ’
1309 3917 1522 4008 ἡμῖν·
1582 3917 1686 3989 ὅτι
1744 3918 1817 3986 δὲ
1872 3917 2044 3999 ὅλως
2096 3917 2171 3990 τὸ
2219 3915 2523 4006 τεχνικὸν

231 4026 339 4094 καὶ
387 4026 604 4113 σχῆμά
639 4053 704 4094 τι
749 4025 1064 4115 πρόσεστι
1110 4024 1274 4094 κατὰ
1319 4024 1394 4094 τὸ
1445 4030 1753 4114 σκῶμμα,
1800 4025 2170 4112 λοιδόρημα
2218 4021 2293 4089 δὲ
2336 4019 2522 4108 ὑβρι·

231 4133 466 4203 στικόν
503 4137 690 4202 δοκεῖ
731 4130 904 4200 εἶναι
949 4133 1038 4200 κὲ.
1077 4171 1158 4182 -
1197 4135 1288 4200 Et
1335 4137 1692 4202 sententiae
1732 4139 1798 4200 et
1843 4135 2183 4200 verborum
2226 4131 2523 4215 vestigiis

231 4243 519 4326 proxime
559 4243 872 4310 accedunt
915 4241 1099 4307 haec:
1146 4239 1257 4307 καὶ
1293 4237 1596 4307 καθόλου
1632 4251 1773 4318 τοῖς
1809 4237 2238 4322 διαλέγεσθαι
2276 4239 2525 4314 δεινοῖς

233 4348 486 4432 μᾶλλον
511 4384 586 4408 -.-
611 4353 1122 4434 χαλεπαίνομεν·
1153 4349 1392 4432 [δῆλον
1420 4343 1574 4431 γὰρ]
1607 4342 1710 4412 ὅτι
1740 4343 1974 4423 δόλος
2006 4346 2096 4435 τῷ
2127 4346 2197 4427 [δ
2205 4339 2523 4428 ῆγ]ματι

245 4449 481 4539 (possis
529 4456 724 4520 etiam
771 4450 1084 4541 σχήματι)
1129 4445 1447 4540 πέᾗὲσται
1497 4453 1620 4544 [τῷ
1667 4448 1859 4535 κατὰ]
1904 4447 1989 4520 τὸ
2045 4452 2349 4536 σκῶμμα·
2393 4455 2523 4517 λοι-
