<?xml version="1.0" encoding="UTF-8"?>
<!DOCTYPE html PUBLIC "-//W3C//DTD XHTML 1.0 Transitional//EN"
    "http://www.w3.org/TR/xhtml1/DTD/xhtml1-transitional.dtd">
<html xmlns="http://www.w3.org/1999/xhtml" xml:lang="en" lang="en">
 <head>
  <title>
</title>
<meta http-equiv="Content-Type" content="text/html;charset=utf-8" />
  <meta name='ocr-system' content='tesseract 3.04.00' />
  <meta name='ocr-capabilities' content='ocr_page ocr_carea ocr_par ocr_line ocrx_word'/>
</head>
<body>
  <div class='ocr_page' id='page_1' title='image "./symbolaecritica00unkngoog_0111.png"; bbox 0 0 3200 5175; ppageno 0'>
   <div class='ocr_carea' id='block_1_1' title="bbox 1144 333 1582 400">
    <p class='ocr_par' dir='ltr' id='par_1_1' title="bbox 1144 333 1582 400">
     <span class='ocr_line' id='line_1_1' title="bbox 1144 333 1582 400; baseline 0.002 -17"><span class='ocrx_word' id='word_1_1' title='bbox 1144 333 1582 400; x_wconf 64' lang='grc'><strong>..99-</strong></span> 
     </span>
    </p>
   </div>
   <div class='ocr_carea' id='block_1_2' title="bbox 200 506 2513 1329">
    <p class='ocr_par' dir='ltr' id='par_1_2' title="bbox 200 506 2513 1329">
     <span class='ocr_line' id='line_1_2' title="bbox 203 506 2509 600; baseline -0 -20"><span class='ocrx_word' id='word_1_2' title='bbox 203 506 302 592; x_wconf 76' lang='grc' dir='ltr'><strong><em>ὦς</em></strong></span> <span class='ocrx_word' id='word_1_3' title='bbox 346 507 628 598; x_wconf 73' lang='grc' dir='ltr'><strong><em>άληθῶς</em></strong></span> <span class='ocrx_word' id='word_1_4' title='bbox 671 507 855 592; x_wconf 80' lang='grc' dir='ltr'><strong><em>ἄξειν</em></strong></span> <span class='ocrx_word' id='word_1_5' title='bbox 901 506 1068 598; x_wconf 81' lang='grc' dir='ltr'><strong><em>ἡμῖν</em></strong></span> <span class='ocrx_word' id='word_1_6' title='bbox 1110 512 1220 579; x_wconf 81' lang='grc' dir='ltr'><strong><em>καὶ</em></strong></span> <span class='ocrx_word' id='word_1_7' title='bbox 1275 509 1364 599; x_wconf 85' lang='grc' dir='ltr'><strong><em>μὴ</em></strong></span> <span class='ocrx_word' id='word_1_8' title='bbox 1417 508 1882 600; x_wconf 80' lang='grc' dir='ltr'><strong><em>περιόψεσθαι.</em></strong></span> <span class='ocrx_word' id='word_1_9' title='bbox 1966 511 2179 598; x_wconf 76' lang='lat' dir='ltr'>Wytt:</span> <span class='ocrx_word' id='word_1_10' title='bbox 2236 506 2322 580; x_wconf 76' lang='grc' dir='ltr'><strong><em>οὗ</em></strong></span> <span class='ocrx_word' id='word_1_11' title='bbox 2374 509 2509 598; x_wconf 82' lang='grc' dir='ltr'><strong><em>μὴν</em></strong></span> 
     </span>
     <span class='ocr_line' id='line_1_3' title="bbox 203 603 2509 707; baseline 0 -21"><span class='ocrx_word' id='word_1_12' title='bbox 203 617 382 687; x_wconf 76' lang='grc' dir='ltr'><strong><em>ἀλλὰ</em></strong></span> <span class='ocrx_word' id='word_1_13' title='bbox 428 621 626 687; x_wconf 89' lang='grc' dir='ltr'><strong><em>τόνδε</em></strong></span> <span class='ocrx_word' id='word_1_14' title='bbox 672 645 788 706; x_wconf 90' lang='grc' dir='ltr'><strong><em>μοι</em></strong></span> <span class='ocrx_word' id='word_1_15' title='bbox 836 622 1089 686; x_wconf 83' lang='grc' dir='ltr'><strong><em>δοκεῖτε</em></strong></span> <span class='ocrx_word' id='word_1_16' title='bbox 1147 615 1374 705; x_wconf 76' lang='grc' dir='ltr'><strong><em>ὀρθῶς</em></strong></span> <span class='ocrx_word' id='word_1_17' title='bbox 1417 613 1503 686; x_wconf 79' lang='grc' dir='ltr'><strong><em>ἄν</em></strong></span> <span class='ocrx_word' id='word_1_18' title='bbox 1559 603 1991 706; x_wconf 77' lang='grc' dir='ltr'><strong><em>αἱρήσεσθαι,</em></strong></span> <span class='ocrx_word' id='word_1_19' title='bbox 2048 613 2123 696; x_wconf 80' lang='grc' dir='ltr'><strong><em>ὃς</em></strong></span> <span class='ocrx_word' id='word_1_20' title='bbox 2175 613 2262 684; x_wconf 79' lang='grc' dir='ltr'><strong><em>ἄν</em></strong></span> <span class='ocrx_word' id='word_1_21' title='bbox 2306 619 2509 707; x_wconf 82' lang='grc' dir='ltr'><em>μέλλῃ</em></span> 
     </span>
     <span class='ocr_line' id='line_1_4' title="bbox 200 723 2511 814; baseline -0 -20"><span class='ocrx_word' id='word_1_22' title='bbox 200 724 284 794; x_wconf 86' lang='grc' dir='ltr'><strong><em>τὸ</em></strong></span> <span class='ocrx_word' id='word_1_23' title='bbox 339 723 723 814; x_wconf 87' lang='grc' dir='ltr'><strong><em>συμπόσιον</em></strong></span> <span class='ocrx_word' id='word_1_24' title='bbox 779 724 1273 812; x_wconf 81' lang='grc' dir='ltr'><strong><em>ἐπιτροπεύσων</em></strong></span> <span class='ocrx_word' id='word_1_25' title='bbox 1327 723 1705 813; x_wconf 87' lang='grc' dir='ltr'><strong><em>συμπόσιον</em></strong></span> <span class='ocrx_word' id='word_1_26' title='bbox 1760 727 1836 793; x_wconf 75' lang='grc' dir='ltr'><strong><em>ἓν</em></strong></span> <span class='ocrx_word' id='word_1_27' title='bbox 1880 727 2345 812; x_wconf 79' lang='grc' dir='ltr'><strong><em>διαφυλάξειν,</em></strong></span> <span class='ocrx_word' id='word_1_28' title='bbox 2399 726 2511 793; x_wconf 85' lang='grc' dir='ltr'><strong><em>καὶ</em></strong></span> 
     </span>
     <span class='ocr_line' id='line_1_5' title="bbox 203 823 2511 920; baseline 0.001 -21"><span class='ocrx_word' id='word_1_29' title='bbox 203 831 298 918; x_wconf 84' lang='grc' dir='ltr'><strong><em>μὴ</em></strong></span> <span class='ocrx_word' id='word_1_30' title='bbox 344 831 810 920; x_wconf 83' lang='grc' dir='ltr'><strong><em>περιόψεσθαι.</em></strong></span> <span class='ocrx_word' id='word_1_31' title='bbox 846 872 933 881; x_wconf 94' lang='grc'>-</span> <span class='ocrx_word' id='word_1_32' title='bbox 974 833 1212 900; x_wconf 86' lang='lat' dir='ltr'>Lenius</span> <span class='ocrx_word' id='word_1_33' title='bbox 1248 835 1463 920; x_wconf 78' lang='lat' dir='ltr'>possis</span> <span class='ocrx_word' id='word_1_34' title='bbox 1501 835 1573 898; x_wconf 90' lang='lat' dir='ltr'><strong><em>in</em></strong></span> <span class='ocrx_word' id='word_1_35' title='bbox 1617 835 1789 900; x_wconf 86' lang='lat' dir='ltr'>hunc</span> <span class='ocrx_word' id='word_1_36' title='bbox 1824 834 2112 901; x_wconf 90' lang='lat' dir='ltr'>modum:</span> <span class='ocrx_word' id='word_1_37' title='bbox 2160 823 2285 901; x_wconf 78' lang='grc' dir='ltr'><strong><em>οῦκ</em></strong></span> <span class='ocrx_word' id='word_1_38' title='bbox 2330 830 2511 901; x_wconf 87' lang='grc' dir='ltr'><strong><em>οἶδα·</em></strong></span> 
     </span>
     <span class='ocr_line' id='line_1_6' title="bbox 205 935 2510 1028; baseline 0.001 -22"><span class='ocrx_word' id='word_1_39' title='bbox 205 937 755 1026; x_wconf 61' lang='grc' dir='ltr'><strong><em>[καθαρώταῂον</em></strong></span> <span class='ocrx_word' id='word_1_40' title='bbox 820 941 899 1008; x_wconf 91' lang='grc' dir='ltr'><strong><em>δέ</em></strong></span> <span class='ocrx_word' id='word_1_41' title='bbox 958 966 1072 1027; x_wconf 91' lang='grc' dir='ltr'><strong><em>μοι</em></strong></span> <span class='ocrx_word' id='word_1_42' title='bbox 1147 943 1336 1008; x_wconf 89' lang='grc' dir='ltr'><strong><em>δοκεῖ</em></strong></span> <span class='ocrx_word' id='word_1_43' title='bbox 1395 943 1757 1024; x_wconf 85' lang='grc' dir='ltr'><strong><em>τοι[οῦτο]ς</em></strong></span> <span class='ocrx_word' id='word_1_44' title='bbox 1829 935 1927 1008; x_wconf 72' lang='grc' dir='ltr'><strong><em>ὥν</em></strong></span> <span class='ocrx_word' id='word_1_45' title='bbox 1988 938 2063 1007; x_wconf 90' lang='grc' dir='ltr'><strong><em>τὸ</em></strong></span> <span class='ocrx_word' id='word_1_46' title='bbox 2133 940 2510 1028; x_wconf 88' lang='grc' dir='ltr'><strong><em>συμπόσιον</em></strong></span> 
     </span>
     <span class='ocr_line' id='line_1_7' title="bbox 205 1043 2512 1135; baseline 0.001 -23"><span class='ocrx_word' id='word_1_47' title='bbox 205 1044 710 1135; x_wconf 80' lang='grc' dir='ltr'><strong><em>[διαφυλ]άξειν</em></strong></span> <span class='ocrx_word' id='word_1_48' title='bbox 759 1043 923 1133; x_wconf 82' lang='grc' dir='ltr'><strong><em>ἡμῖν</em></strong></span> <span class='ocrx_word' id='word_1_49' title='bbox 966 1046 1077 1113; x_wconf 84' lang='grc' dir='ltr'><strong><em>καὶ</em></strong></span> <span class='ocrx_word' id='word_1_50' title='bbox 1124 1044 1214 1132; x_wconf 79' lang='grc' dir='ltr'><strong><em>μὴ</em></strong></span> <span class='ocrx_word' id='word_1_51' title='bbox 1266 1045 1789 1132; x_wconf 78' lang='grc' dir='ltr'><strong><em>[περι]όψεσθαι.</em></strong></span> <span class='ocrx_word' id='word_1_52' title='bbox 1860 1047 1989 1114; x_wconf 85' lang='lat' dir='ltr'><strong><em>Pro</em></strong></span> <span class='ocrx_word' id='word_1_53' title='bbox 2027 1045 2512 1134; x_wconf 74' lang='grc' dir='ltr'><strong><em>καθαρώτατον</em></strong></span> 
     </span>
     <span class='ocr_line' id='line_1_8' title="bbox 204 1150 2513 1241; baseline 0.001 -21"><span class='ocrx_word' id='word_1_54' title='bbox 204 1154 431 1238; x_wconf 82' lang='lat' dir='ltr'>possis</span> <span class='ocrx_word' id='word_1_55' title='bbox 481 1155 676 1219; x_wconf 78' lang='lat' dir='ltr'>ctiam</span> <span class='ocrx_word' id='word_1_56' title='bbox 724 1150 1182 1239; x_wconf 73' lang='grc' dir='ltr'><strong><em>κοσμιώτατον</em></strong></span> <span class='ocrx_word' id='word_1_57' title='bbox 1227 1156 1330 1220; x_wconf 86' lang='lat' dir='ltr'><strong><em>vel</em></strong></span> <span class='ocrx_word' id='word_1_58' title='bbox 1371 1155 1544 1220; x_wconf 85' lang='lat' dir='ltr'>aliud</span> <span class='ocrx_word' id='word_1_59' title='bbox 1592 1156 1745 1240; x_wconf 90' lang='lat' dir='ltr'>quid</span> <span class='ocrx_word' id='word_1_60' title='bbox 1792 1156 2079 1223; x_wconf 82' lang='lat' dir='ltr'>ciusdem</span> <span class='ocrx_word' id='word_1_61' title='bbox 2122 1156 2513 1241; x_wconf 78' lang='lat' dir='ltr'>sententiae3</span> 
     </span>
     <span class='ocr_line' id='line_1_9' title="bbox 207 1261 1625 1329; baseline 0.001 -3"><span class='ocrx_word' id='word_1_62' title='bbox 207 1262 325 1326; x_wconf 86' lang='lat' dir='ltr'><strong><em>sed</em></strong></span> <span class='ocrx_word' id='word_1_63' title='bbox 371 1261 538 1327; x_wconf 87' lang='lat' dir='ltr'>illud</span> <span class='ocrx_word' id='word_1_64' title='bbox 582 1284 704 1326; x_wconf 85' lang='lat' dir='ltr'><strong><em>usu</em></strong></span> <span class='ocrx_word' id='word_1_65' title='bbox 749 1261 1139 1329; x_wconf 87' lang='lat' dir='ltr'>Plutarcheo</span> <span class='ocrx_word' id='word_1_66' title='bbox 1189 1263 1625 1329; x_wconf 82' lang='lat' dir='ltr'>confirmatur.</span> 
     </span>
    </p>
   </div>
   <div class='ocr_carea' id='block_1_3' title="bbox 206 1419 2515 1934">
    <p class='ocr_par' dir='ltr' id='par_1_3' title="bbox 206 1419 2515 1934">
     <span class='ocr_line' id='line_1_10' title="bbox 391 1419 2514 1509; baseline 0.001 -23"><span class='ocrx_word' id='word_1_67' title='bbox 391 1421 596 1488; x_wconf 84' lang='lat' dir='ltr'>Paulo</span> <span class='ocrx_word' id='word_1_68' title='bbox 642 1426 797 1506; x_wconf 83' lang='lat' dir='ltr'>post</span> <span class='ocrx_word' id='word_1_69' title='bbox 839 1419 929 1509; x_wconf 86' lang='lat' dir='ltr'><strong><em>(p.</em></strong></span> <span class='ocrx_word' id='word_1_70' title='bbox 968 1424 1093 1488; x_wconf 82' lang='lat'><strong><em>621</em></strong></span> <span class='ocrx_word' id='word_1_71' title='bbox 1127 1419 1223 1509; x_wconf 90' lang='lat' dir='ltr'><strong><em>d):</em></strong></span> <span class='ocrx_word' id='word_1_72' title='bbox 1274 1420 1413 1492; x_wconf 80' lang='grc' dir='ltr'><strong><em>ἐπεὶ</em></strong></span> <span class='ocrx_word' id='word_1_73' title='bbox 1461 1420 1537 1488; x_wconf 74' lang='grc' dir='ltr'><strong><em>δὲ</em></strong></span> <span class='ocrx_word' id='word_1_74' title='bbox 1581 1425 1925 1509; x_wconf 81' lang='grc' dir='ltr'><strong><em>πανταχοῦ</em></strong></span> <span class='ocrx_word' id='word_1_75' title='bbox 1969 1421 2367 1508; x_wconf 81' lang='grc' dir='ltr'><strong><em>πλήσμιον</em></strong></span> <span class='ocrx_word' id='word_1_76' title='bbox 2401 1422 2514 1489; x_wconf 82' lang='grc' dir='ltr'><strong><em>καὶ</em></strong></span> 
     </span>
     <span class='ocr_line' id='line_1_11' title="bbox 206 1521 2509 1618; baseline 0.001 -26"><span class='ocrx_word' id='word_1_77' title='bbox 206 1527 558 1611; x_wconf 83' lang='grc' dir='ltr'><strong><em>πανταχοῦ</em></strong></span> <span class='ocrx_word' id='word_1_78' title='bbox 601 1523 937 1615; x_wconf 89' lang='grc' dir='ltr'><strong><em>βλαβερὸν</em></strong></span> <span class='ocrx_word' id='word_1_79' title='bbox 980 1525 1055 1595; x_wconf 89' lang='grc' dir='ltr'><strong><em>τὸ</em></strong></span> <span class='ocrx_word' id='word_1_80' title='bbox 1105 1524 1423 1614; x_wconf 83' lang='grc' dir='ltr'><strong><em>ἄκρατον·</em></strong></span> <span class='ocrx_word' id='word_1_81' title='bbox 1470 1524 1512 1613; x_wconf 83' lang='grc' dir='ltr'><em>ἡ</em></span> <span class='ocrx_word' id='word_1_82' title='bbox 1563 1525 1637 1594; x_wconf 73' lang='grc' dir='ltr'><strong><em>δὲ</em></strong></span> <span class='ocrx_word' id='word_1_83' title='bbox 1682 1529 1857 1613; x_wconf 80' lang='grc' dir='ltr'><strong><em>μῖξις</em></strong></span> <span class='ocrx_word' id='word_1_84' title='bbox 1902 1521 2005 1608; x_wconf 85' lang='grc' dir='ltr'><strong><em>οἷς</em></strong></span> <span class='ocrx_word' id='word_1_85' title='bbox 2047 1523 2135 1595; x_wconf 77' lang='grc' dir='ltr'><strong><em>ἄν</em></strong></span> <span class='ocrx_word' id='word_1_86' title='bbox 2182 1528 2257 1594; x_wconf 83' lang='grc' dir='ltr'><strong><em>ἐν</em></strong></span> <span class='ocrx_word' id='word_1_87' title='bbox 2300 1529 2509 1618; x_wconf 76' lang='grc' dir='ltr'><strong><em>καιρῷ</em></strong></span> 
     </span>
     <span class='ocr_line' id='line_1_12' title="bbox 214 1630 2513 1722; baseline 0 -24"><span class='ocrx_word' id='word_1_88' title='bbox 214 1632 328 1698; x_wconf 82' lang='grc' dir='ltr'><strong><em>καὶ</em></strong></span> <span class='ocrx_word' id='word_1_89' title='bbox 386 1630 546 1718; x_wconf 79' lang='grc' dir='ltr'><strong><em>μετὰ</em></strong></span> <span class='ocrx_word' id='word_1_90' title='bbox 606 1634 854 1721; x_wconf 86' lang='grc' dir='ltr'><strong><em>μέτρου</em></strong></span> <span class='ocrx_word' id='word_1_91' title='bbox 915 1635 1368 1722; x_wconf 84' lang='grc' dir='ltr'><strong><em>παραγένηται</em></strong></span> <span class='ocrx_word' id='word_1_92' title='bbox 1429 1631 1845 1722; x_wconf 79' lang='grc' dir='ltr'><strong><em>πράγμασιν,</em></strong></span> <span class='ocrx_word' id='word_1_93' title='bbox 1910 1631 2288 1720; x_wconf 80' lang='grc' dir='ltr'><strong><em>ἀφαιρεῖται</em></strong></span> <span class='ocrx_word' id='word_1_94' title='bbox 2351 1630 2513 1701; x_wconf 84' lang='grc' dir='ltr'><strong><em>ἄνω</em></strong></span> 
     </span>
     <span class='ocr_line' id='line_1_13' title="bbox 217 1735 2515 1827; baseline 0.001 -23"><span class='ocrx_word' id='word_1_95' title='bbox 217 1738 329 1804; x_wconf 82' lang='grc' dir='ltr'><strong><em>καὶ</em></strong></span> <span class='ocrx_word' id='word_1_96' title='bbox 370 1737 645 1823; x_wconf 76' lang='grc' dir='ltr'><strong><em>βλάπτει</em></strong></span> <span class='ocrx_word' id='word_1_97' title='bbox 700 1737 781 1807; x_wconf 80' lang='grc' dir='ltr'><strong><em>τὰ</em></strong></span> <span class='ocrx_word' id='word_1_98' title='bbox 829 1736 996 1826; x_wconf 78' lang='grc' dir='ltr'><strong><em>ἡδέα</em></strong></span> <span class='ocrx_word' id='word_1_99' title='bbox 1049 1739 1160 1806; x_wconf 80' lang='grc' dir='ltr'><strong><em>καὶ</em></strong></span> <span class='ocrx_word' id='word_1_100' title='bbox 1215 1747 1414 1807; x_wconf 87' lang='grc' dir='ltr'><strong><em>λυπεῖ</em></strong></span> <span class='ocrx_word' id='word_1_101' title='bbox 1462 1738 1542 1807; x_wconf 82' lang='grc' dir='ltr'><strong><em>τὰ</em></strong></span> <span class='ocrx_word' id='word_1_102' title='bbox 1597 1735 1931 1827; x_wconf 73' lang='grc' dir='ltr'><strong><em>ὠφέλιμα,</em></strong></span> <span class='ocrx_word' id='word_1_103' title='bbox 1988 1743 2199 1826; x_wconf 83' lang='grc' dir='ltr'><strong><em>δῆλον</em></strong></span> <span class='ocrx_word' id='word_1_104' title='bbox 2254 1737 2358 1807; x_wconf 83' lang='grc' dir='ltr'><strong><em>ὅτι</em></strong></span> <span class='ocrx_word' id='word_1_105' title='bbox 2402 1739 2515 1807; x_wconf 81' lang='grc' dir='ltr'><strong><em>καὶ</em></strong></span> 
     </span>
     <span class='ocr_line' id='line_1_14' title="bbox 211 1842 2515 1934; baseline -0 -21"><span class='ocrx_word' id='word_1_106' title='bbox 211 1857 353 1924; x_wconf 84' lang='grc' dir='ltr'><strong><em>τοῖς</em></strong></span> <span class='ocrx_word' id='word_1_107' title='bbox 389 1850 709 1914; x_wconf 88' lang='grc' dir='ltr'><strong><em>πίνουσιν</em></strong></span> <span class='ocrx_word' id='word_1_108' title='bbox 753 1842 789 1913; x_wconf 85' lang='grc' dir='ltr'>ὁ</span> <span class='ocrx_word' id='word_1_109' title='bbox 831 1844 1180 1933; x_wconf 80' lang='grc' dir='ltr'><strong><em>ἐπιστάτης</em></strong></span> <span class='ocrx_word' id='word_1_110' title='bbox 1219 1847 1631 1934; x_wconf 81' lang='grc' dir='ltr'><strong><em>μεμιγμένην</em></strong></span> <span class='ocrx_word' id='word_1_111' title='bbox 1664 1844 1815 1914; x_wconf 80' lang='grc' dir='ltr'><strong><em>τινὰ</em></strong></span> <span class='ocrx_word' id='word_1_112' title='bbox 1852 1846 2116 1934; x_wconf 80' lang='grc' dir='ltr'><strong><em>παρέξει</em></strong></span> <span class='ocrx_word' id='word_1_113' title='bbox 2155 1844 2515 1932; x_wconf 86' lang='grc' dir='ltr'><strong><em>διαγωγήν.</em></strong></span> 
     </span>
    </p>
   </div>
   <div class='ocr_carea' id='block_1_4' title="bbox 203 1949 2621 2041">
    <p class='ocr_par' dir='ltr' id='par_1_4' title="bbox 203 1949 2621 2041">
     <span class='ocr_line' id='line_1_15' title="bbox 203 1949 2621 2041; baseline 0 -23"><span class='ocrx_word' id='word_1_114' title='bbox 203 1953 315 2018; x_wconf 84' lang='lat' dir='ltr'><strong><em>Ita</em></strong></span> <span class='ocrx_word' id='word_1_115' title='bbox 383 1977 610 2020; x_wconf 87' lang='lat' dir='ltr'>omnes</span> <span class='ocrx_word' id='word_1_116' title='bbox 675 1955 854 2021; x_wconf 84' lang='lat' dir='ltr'>codd.</span> <span class='ocrx_word' id='word_1_117' title='bbox 921 1960 986 2020; x_wconf 89' lang='lat' dir='ltr'><strong><em>et</em></strong></span> <span class='ocrx_word' id='word_1_118' title='bbox 1059 1955 1240 2021; x_wconf 88' lang='lat' dir='ltr'>editt.</span> <span class='ocrx_word' id='word_1_119' title='bbox 1304 1958 1574 2041; x_wconf 80' lang='lat' dir='ltr'><strong>priores.</strong></span> <span class='ocrx_word' id='word_1_120' title='bbox 1670 1951 1856 2021; x_wconf 84' lang='grc' dir='ltr'><strong><em>Αὐτό</em></strong></span> <span class='ocrx_word' id='word_1_121' title='bbox 1910 1977 2045 2041; x_wconf 36' lang='lat' dir='ltr'>,pro</span> <span class='ocrx_word' id='word_1_122' title='bbox 2120 1949 2261 2019; x_wconf 85' lang='grc' dir='ltr'><strong><em>ἄνω</em></strong></span> <span class='ocrx_word' id='word_1_123' title='bbox 2340 1954 2517 2019; x_wconf 88' lang='lat' dir='ltr'>dedit</span> <span class='ocrx_word' id='word_1_124' title='bbox 2610 1991 2621 2000; x_wconf 81' lang='lat'><em>·</em></span> 
     </span>
    </p>
   </div>
   <div class='ocr_carea' id='block_1_5' title="bbox 207 2058 2519 3108">
    <p class='ocr_par' dir='ltr' id='par_1_5' title="bbox 207 2058 2519 3108">
     <span class='ocr_line' id='line_1_16' title="bbox 207 2058 2515 2148; baseline -0 -22"><span class='ocrx_word' id='word_1_125' title='bbox 207 2060 441 2146; x_wconf 86' lang='lat' dir='ltr'>Steph.</span> <span class='ocrx_word' id='word_1_126' title='bbox 488 2085 632 2128; x_wconf 92' lang='lat' dir='ltr'><strong><em>cum</em></strong></span> <span class='ocrx_word' id='word_1_127' title='bbox 679 2062 892 2129; x_wconf 87' lang='lat' dir='ltr'>Anon.</span> <span class='ocrx_word' id='word_1_128' title='bbox 983 2063 1144 2138; x_wconf 82' lang='lat' dir='ltr'>Iden</span> <span class='ocrx_word' id='word_1_129' title='bbox 1191 2061 1411 2148; x_wconf 84' lang='lat' dir='ltr'>Steph.</span> <span class='ocrx_word' id='word_1_130' title='bbox 1466 2059 1611 2128; x_wconf 86' lang='grc' dir='ltr'><strong><em>ἄνω</em></strong></span> <span class='ocrx_word' id='word_1_131' title='bbox 1658 2085 1737 2128; x_wconf 86' lang='lat' dir='ltr'><strong><em>ex</em></strong></span> <span class='ocrx_word' id='word_1_132' title='bbox 1791 2058 1987 2147; x_wconf 82' lang='grc' dir='ltr'><strong><em>ἄφνω</em></strong></span> <span class='ocrx_word' id='word_1_133' title='bbox 2046 2065 2257 2127; x_wconf 85' lang='lat' dir='ltr'>ortum</span> <span class='ocrx_word' id='word_1_134' title='bbox 2314 2061 2515 2126; x_wconf 83' lang='lat' dir='ltr'>fuisse</span> 
     </span>
     <span class='ocr_line' id='line_1_17' title="bbox 208 2156 2514 2255; baseline -0.001 -21"><span class='ocrx_word' id='word_1_135' title='bbox 208 2169 607 2254; x_wconf 83' lang='lat' dir='ltr'>suspicatur.</span> <span class='ocrx_word' id='word_1_136' title='bbox 679 2169 982 2236; x_wconf 83' lang='lat' dir='ltr'>Reiskius</span> <span class='ocrx_word' id='word_1_137' title='bbox 1020 2193 1138 2255; x_wconf 83' lang='lat' dir='ltr'><strong><em>pro</em></strong></span> <span class='ocrx_word' id='word_1_138' title='bbox 1177 2165 1317 2234; x_wconf 85' lang='grc' dir='ltr'><strong><em>ἄνω</em></strong></span> <span class='ocrx_word' id='word_1_139' title='bbox 1356 2169 1703 2255; x_wconf 85' lang='lat' dir='ltr'>legendum</span> <span class='ocrx_word' id='word_1_140' title='bbox 1740 2173 1963 2235; x_wconf 89' lang='lat' dir='ltr'>monet</span> <span class='ocrx_word' id='word_1_141' title='bbox 2001 2163 2130 2232; x_wconf 83' lang='grc' dir='ltr'><strong><em>σὺν</em></strong></span> <span class='ocrx_word' id='word_1_142' title='bbox 2166 2156 2239 2255; x_wconf 74' lang='grc' dir='ltr'><strong><em>ᾧ.</em></strong></span> <span class='ocrx_word' id='word_1_143' title='bbox 2308 2166 2514 2252; x_wconf 83' lang='lat' dir='ltr'>Wytt.</span> 
     </span>
     <span class='ocr_line' id='line_1_18' title="bbox 211 2271 2516 2364; baseline -0.002 -22"><span class='ocrx_word' id='word_1_144' title='bbox 211 2277 525 2342; x_wconf 87' lang='lat' dir='ltr'>coniecit:</span> <span class='ocrx_word' id='word_1_145' title='bbox 581 2271 963 2364; x_wconf 80' lang='grc' dir='ltr'><strong><em>ἀφαιρεῖται</em></strong></span> <span class='ocrx_word' id='word_1_146' title='bbox 1019 2271 1243 2342; x_wconf 75' lang='grc' dir='ltr'><strong><em>αὐτῶν</em></strong></span> <span class='ocrx_word' id='word_1_147' title='bbox 1296 2274 1408 2341; x_wconf 82' lang='grc' dir='ltr'><strong><em>καὶ</em></strong></span> <span class='ocrx_word' id='word_1_148' title='bbox 1461 2271 1537 2342; x_wconf 89' lang='grc' dir='ltr'><strong><em>τὸ</em></strong></span> <span class='ocrx_word' id='word_1_149' title='bbox 1594 2271 1911 2360; x_wconf 84' lang='grc' dir='ltr'><strong><em>βλάπτειν</em></strong></span> <span class='ocrx_word' id='word_1_150' title='bbox 1973 2311 2047 2320; x_wconf 94' lang='grc'>-</span> <span class='ocrx_word' id='word_1_151' title='bbox 2110 2271 2222 2338; x_wconf 80' lang='grc' dir='ltr'><strong><em>καὶ</em></strong></span> <span class='ocrx_word' id='word_1_152' title='bbox 2279 2278 2516 2339; x_wconf 78' lang='grc' dir='ltr'><strong><em>λυπεῖν</em></strong></span> 
     </span>
     <span class='ocr_line' id='line_1_19' title="bbox 208 2373 2519 2469; baseline -0 -22"><span class='ocrx_word' id='word_1_153' title='bbox 208 2378 292 2447; x_wconf 79' lang='grc' dir='ltr'><strong><em>τὰ</em></strong></span> <span class='ocrx_word' id='word_1_154' title='bbox 336 2377 466 2467; x_wconf 73' lang='grc' dir='ltr'><strong><em>ὦφ.</em></strong></span> <span class='ocrx_word' id='word_1_155' title='bbox 522 2382 925 2469; x_wconf 83' lang='lat' dir='ltr'>Madvigius:</span> <span class='ocrx_word' id='word_1_156' title='bbox 973 2377 1359 2467; x_wconf 76' lang='grc' dir='ltr'><strong><em>ἀφαιρεῖται</em></strong></span> <span class='ocrx_word' id='word_1_157' title='bbox 1405 2377 1633 2447; x_wconf 76' lang='grc' dir='ltr'><strong><em>αὐτῶν</em></strong></span> <span class='ocrx_word' id='word_1_158' title='bbox 1677 2377 1766 2446; x_wconf 82' lang='grc' dir='ltr'><strong><em>τὰ</em></strong></span> <span class='ocrx_word' id='word_1_159' title='bbox 1812 2377 2260 2465; x_wconf 86' lang='grc' dir='ltr'><strong><em>βλάπτοντα</em></strong></span> <span class='ocrx_word' id='word_1_160' title='bbox 2305 2373 2347 2462; x_wconf 82' lang='grc' dir='ltr'>ἢ</span> <span class='ocrx_word' id='word_1_161' title='bbox 2396 2380 2519 2446; x_wconf 88' lang='grc' dir='ltr'><strong><em>δεῖ</em></strong></span> 
     </span>
     <span class='ocr_line' id='line_1_20' title="bbox 209 2483 2515 2574; baseline -0.001 -21"><span class='ocrx_word' id='word_1_162' title='bbox 209 2487 344 2553; x_wconf 82' lang='grc' dir='ltr'><strong><em>καὶ</em></strong></span> <span class='ocrx_word' id='word_1_163' title='bbox 392 2484 566 2553; x_wconf 86' lang='grc' dir='ltr'><strong><em>λύει</em></strong></span> <span class='ocrx_word' id='word_1_164' title='bbox 610 2483 692 2555; x_wconf 75' lang='grc' dir='ltr'><strong><em>τὰ</em></strong></span> <span class='ocrx_word' id='word_1_165' title='bbox 739 2483 1064 2573; x_wconf 77' lang='grc' dir='ltr'><strong><em>ὠφέλιμα,</em></strong></span> <span class='ocrx_word' id='word_1_166' title='bbox 1103 2511 1268 2574; x_wconf 86' lang='lat' dir='ltr'>quae</span> <span class='ocrx_word' id='word_1_167' title='bbox 1314 2488 1645 2555; x_wconf 83' lang='lat' dir='ltr'>Herwerd.</span> <span class='ocrx_word' id='word_1_168' title='bbox 1690 2487 1987 2572; x_wconf 73' lang='lat' dir='ltr'>intellegi</span> <span class='ocrx_word' id='word_1_169' title='bbox 2030 2509 2223 2571; x_wconf 79' lang='lat' dir='ltr'>posse</span> <span class='ocrx_word' id='word_1_170' title='bbox 2268 2507 2515 2572; x_wconf 79' lang='lat' dir='ltr'>negans</span> 
     </span>
     <span class='ocr_line' id='line_1_21' title="bbox 213 2585 2514 2683; baseline -0.001 -23"><span class='ocrx_word' id='word_1_171' title='bbox 213 2598 356 2680; x_wconf 85' lang='lat' dir='ltr'>ipse</span> <span class='ocrx_word' id='word_1_172' title='bbox 423 2597 686 2661; x_wconf 84' lang='lat' dir='ltr'>conicit:</span> <span class='ocrx_word' id='word_1_173' title='bbox 751 2591 1133 2681; x_wconf 78' lang='grc' dir='ltr'><strong><em>ἀφαιρεῖται</em></strong></span> <span class='ocrx_word' id='word_1_174' title='bbox 1191 2592 1415 2664; x_wconf 72' lang='grc' dir='ltr'><strong><em>αὐτῶν</em></strong></span> <span class='ocrx_word' id='word_1_175' title='bbox 1468 2585 1511 2683; x_wconf 80' lang='grc' dir='ltr'><em>ᾗ</em></span> <span class='ocrx_word' id='word_1_176' title='bbox 1556 2592 1833 2681; x_wconf 84' lang='grc' dir='ltr'><strong><em>βλάπτει</em></strong></span> <span class='ocrx_word' id='word_1_177' title='bbox 1901 2594 1992 2662; x_wconf 77' lang='grc' dir='ltr'><strong><em>κέ.</em></strong></span> <span class='ocrx_word' id='word_1_178' title='bbox 2066 2616 2229 2679; x_wconf 87' lang='lat' dir='ltr'>quac</span> <span class='ocrx_word' id='word_1_179' title='bbox 2296 2594 2514 2679; x_wconf 86' lang='lat' dir='ltr'>aliquo</span> 
     </span>
     <span class='ocr_line' id='line_1_22' title="bbox 217 2697 2515 2787; baseline -0.001 -19"><span class='ocrx_word' id='word_1_180' title='bbox 217 2703 417 2768; x_wconf 92' lang='lat' dir='ltr'>modo</span> <span class='ocrx_word' id='word_1_181' title='bbox 465 2704 758 2787; x_wconf 83' lang='lat' dir='ltr'>speciosa</span> <span class='ocrx_word' id='word_1_182' title='bbox 805 2707 972 2787; x_wconf 76' lang='lat' dir='ltr'>sunt,</span> <span class='ocrx_word' id='word_1_183' title='bbox 1016 2705 1193 2770; x_wconf 85' lang='lat' dir='ltr'>haud</span> <span class='ocrx_word' id='word_1_184' title='bbox 1237 2708 1460 2770; x_wconf 85' lang='lat' dir='ltr'>tamen</span> <span class='ocrx_word' id='word_1_185' title='bbox 1493 2726 1665 2769; x_wconf 78' lang='lat' dir='ltr'>vera.</span> <span class='ocrx_word' id='word_1_186' title='bbox 1714 2740 1801 2749; x_wconf 88' lang='lat'><strong><em>-—</em></strong></span> <span class='ocrx_word' id='word_1_187' title='bbox 1855 2701 2144 2766; x_wconf 87' lang='lat' dir='ltr'>Primum</span> <span class='ocrx_word' id='word_1_188' title='bbox 2190 2723 2309 2787; x_wconf 88' lang='lat' dir='ltr'><strong><em>pro</em></strong></span> <span class='ocrx_word' id='word_1_189' title='bbox 2356 2697 2515 2786; x_wconf 88' lang='grc' dir='ltr'><strong><em>πλή-</em></strong></span> 
     </span>
     <span class='ocr_line' id='line_1_23' title="bbox 212 2806 2515 2895; baseline -0 -20"><span class='ocrx_word' id='word_1_190' title='bbox 212 2828 422 2894; x_wconf 89' lang='grc' dir='ltr'><strong><em>σμιον</em></strong></span> <span class='ocrx_word' id='word_1_191' title='bbox 451 2810 919 2876; x_wconf 82' lang='lat' dir='ltr'>emendandum</span> <span class='ocrx_word' id='word_1_192' title='bbox 958 2806 1049 2876; x_wconf 91' lang='grc' dir='ltr'><strong><em>Τὸ</em></strong></span> <span class='ocrx_word' id='word_1_193' title='bbox 1078 2806 1461 2895; x_wconf 81' lang='grc' dir='ltr'><strong><em>Πλήσμιον;</em></strong></span> <span class='ocrx_word' id='word_1_194' title='bbox 1498 2809 1841 2875; x_wconf 81' lang='lat' dir='ltr'>manifesto</span> <span class='ocrx_word' id='word_1_195' title='bbox 1878 2809 2051 2873; x_wconf 90' lang='lat' dir='ltr'>enim</span> <span class='ocrx_word' id='word_1_196' title='bbox 2086 2808 2213 2875; x_wconf 89' lang='lat' dir='ltr'><strong><em>hoc</em></strong></span> <span class='ocrx_word' id='word_1_197' title='bbox 2251 2809 2515 2874; x_wconf 87' lang='lat' dir='ltr'>dicitur:</span> 
     </span>
     <span class='ocr_line' id='line_1_24' title="bbox 209 2910 2517 3002; baseline 0 -21"><span class='ocrx_word' id='word_1_198' title='bbox 209 2913 288 2981; x_wconf 90' lang='grc' dir='ltr'><strong><em>τὸ</em></strong></span> <span class='ocrx_word' id='word_1_199' title='bbox 346 2913 475 3001; x_wconf 75' lang='grc' dir='ltr'><strong><em>μὲν</em></strong></span> <span class='ocrx_word' id='word_1_200' title='bbox 527 2914 864 3002; x_wconf 81' lang='grc' dir='ltr'><strong><em>πλήσμιον</em></strong></span> <span class='ocrx_word' id='word_1_201' title='bbox 917 2918 1290 3002; x_wconf 84' lang='grc' dir='ltr'><strong><em>πανταχοῦ,</em></strong></span> <span class='ocrx_word' id='word_1_202' title='bbox 1343 2916 1419 2983; x_wconf 90' lang='grc' dir='ltr'><strong><em>τὸ</em></strong></span> <span class='ocrx_word' id='word_1_203' title='bbox 1483 2912 1558 2981; x_wconf 76' lang='grc' dir='ltr'><strong><em>δὲ</em></strong></span> <span class='ocrx_word' id='word_1_204' title='bbox 1613 2910 1905 3000; x_wconf 83' lang='grc' dir='ltr'><strong><em>ἄκρατον</em></strong></span> <span class='ocrx_word' id='word_1_205' title='bbox 1965 2916 2304 3000; x_wconf 86' lang='grc' dir='ltr'><strong><em>πολλαχοῦ</em></strong></span> <span class='ocrx_word' id='word_1_206' title='bbox 2362 2918 2517 2999; x_wconf 90' lang='grc' dir='ltr'><strong><em>βλα-</em></strong></span> 
     </span>
     <span class='ocr_line' id='line_1_25' title="bbox 213 3020 2517 3108; baseline 0 -21"><span class='ocrx_word' id='word_1_207' title='bbox 213 3020 441 3108; x_wconf 86' lang='grc' dir='ltr'><strong><em>βερόν.</em></strong></span> <span class='ocrx_word' id='word_1_208' title='bbox 525 3023 869 3090; x_wconf 83' lang='lat' dir='ltr'>Praeterea</span> <span class='ocrx_word' id='word_1_209' title='bbox 916 3046 994 3089; x_wconf 85' lang='lat' dir='ltr'><strong><em>ex</em></strong></span> <span class='ocrx_word' id='word_1_210' title='bbox 1037 3024 1318 3090; x_wconf 88' lang='lat' dir='ltr'>lectione</span> <span class='ocrx_word' id='word_1_211' title='bbox 1364 3025 1655 3089; x_wconf 89' lang='lat' dir='ltr'>omnium</span> <span class='ocrx_word' id='word_1_212' title='bbox 1702 3022 1881 3090; x_wconf 83' lang='lat' dir='ltr'>codd.</span> <span class='ocrx_word' id='word_1_213' title='bbox 1926 3023 1996 3087; x_wconf 91' lang='lat' dir='ltr'><strong><em>in</em></strong></span> <span class='ocrx_word' id='word_1_214' title='bbox 2041 3020 2215 3087; x_wconf 89' lang='lat' dir='ltr'>hunc</span> <span class='ocrx_word' id='word_1_215' title='bbox 2252 3023 2517 3102; x_wconf 87' lang='lat' dir='ltr'>modum</span> 
     </span>
    </p>
   </div>
   <div class='ocr_carea' id='block_1_6' title="bbox 214 3145 2517 4447">
    <p class='ocr_par' dir='ltr' id='par_1_6' title="bbox 214 3145 2517 4447">
     <span class='ocr_line' id='line_1_26' title="bbox 216 3145 2517 3269; baseline -0.001 -19"><span class='ocrx_word' id='word_1_216' title='bbox 216 3186 488 3269; x_wconf 80' lang='lat' dir='ltr'>scripta:</span> <span class='ocrx_word' id='word_1_217' title='bbox 552 3145 1201 3252; x_wconf 69' lang='grc' dir='ltr'>ΑΦΑΙΡΕΓῗἉΓΑΝω</span> <span class='ocrx_word' id='word_1_218' title='bbox 1266 3183 1448 3249; x_wconf 91' lang='lat' dir='ltr'>nullo</span> <span class='ocrx_word' id='word_1_219' title='bbox 1514 3183 1779 3268; x_wconf 85' lang='lat' dir='ltr'>negotio</span> <span class='ocrx_word' id='word_1_220' title='bbox 1849 3183 2133 3268; x_wconf 82' lang='lat' dir='ltr'>genuina</span> <span class='ocrx_word' id='word_1_221' title='bbox 2198 3184 2517 3267; x_wconf 83' lang='lat' dir='ltr'>scriptura</span> 
     </span>
     <span class='ocr_line' id='line_1_27' title="bbox 214 3280 2517 3381; baseline -0 -25"><span class='ocrx_word' id='word_1_222' title='bbox 214 3288 501 3378; x_wconf 76' lang='grc' dir='ltr'><strong><em>ἀφαιρεῖ</em></strong></span> <span class='ocrx_word' id='word_1_223' title='bbox 530 3288 670 3381; x_wconf 84' lang='grc' dir='ltr'><strong><em>τ(ὸ)</em></strong></span> <span class='ocrx_word' id='word_1_224' title='bbox 705 3286 881 3375; x_wconf 90' lang='grc' dir='ltr'><strong><em>ἄγαν</em></strong></span> <span class='ocrx_word' id='word_1_225' title='bbox 917 3280 971 3380; x_wconf 72' lang='grc' dir='ltr'><em>ᾧ</em></span> <span class='ocrx_word' id='word_1_226' title='bbox 1001 3291 1145 3356; x_wconf 90' lang='lat' dir='ltr'>elici</span> <span class='ocrx_word' id='word_1_227' title='bbox 1181 3293 1416 3377; x_wconf 83' lang='lat' dir='ltr'>potest.</span> <span class='ocrx_word' id='word_1_228' title='bbox 1463 3288 1631 3355; x_wconf 91' lang='lat' dir='ltr'>Vide</span> <span class='ocrx_word' id='word_1_229' title='bbox 1668 3311 1843 3354; x_wconf 88' lang='lat' dir='ltr'>nunc</span> <span class='ocrx_word' id='word_1_230' title='bbox 1871 3311 2066 3373; x_wconf 87' lang='lat' dir='ltr'>quam</span> <span class='ocrx_word' id='word_1_231' title='bbox 2102 3290 2267 3354; x_wconf 89' lang='lat' dir='ltr'>bene</span> <span class='ocrx_word' id='word_1_232' title='bbox 2297 3292 2517 3357; x_wconf 82' lang='lat' dir='ltr'>omnia</span> 
     </span>
     <span class='ocr_line' id='line_1_28' title="bbox 217 3391 2513 3483; baseline -0.002 -19"><span class='ocrx_word' id='word_1_233' title='bbox 217 3399 598 3483; x_wconf 72' lang='lat' dir='ltr'>procedant:</span> <span class='ocrx_word' id='word_1_234' title='bbox 657 3396 797 3463; x_wconf 81' lang='grc' dir='ltr'><strong><em>ἐπεὶ</em></strong></span> <span class='ocrx_word' id='word_1_235' title='bbox 854 3394 930 3463; x_wconf 71' lang='grc' dir='ltr'><strong><em>δὲ</em></strong></span> <span class='ocrx_word' id='word_1_236' title='bbox 983 3398 1327 3481; x_wconf 81' lang='grc' dir='ltr'><strong><em>πανταχοῦ</em></strong></span> <span class='ocrx_word' id='word_1_237' title='bbox 1380 3392 1455 3461; x_wconf 89' lang='grc' dir='ltr'><strong><em>τὸ</em></strong></span> <span class='ocrx_word' id='word_1_238' title='bbox 1510 3392 1846 3480; x_wconf 79' lang='grc' dir='ltr'><strong><em>πλήσμιον</em></strong></span> <span class='ocrx_word' id='word_1_239' title='bbox 1893 3432 1977 3443; x_wconf 88' lang='grc'><strong><em>--</em></strong></span> <span class='ocrx_word' id='word_1_240' title='bbox 2023 3391 2356 3480; x_wconf 88' lang='grc' dir='ltr'><strong><em>βλαβερὸν</em></strong></span> <span class='ocrx_word' id='word_1_241' title='bbox 2402 3417 2513 3443; x_wconf 86' lang='grc'><strong><em>-·</em></strong></span> 
     </span>
     <span class='ocr_line' id='line_1_29' title="bbox 216 3492 2514 3593; baseline -0 -24"><span class='ocrx_word' id='word_1_242' title='bbox 216 3501 257 3589; x_wconf 77' lang='grc' dir='ltr'><strong><em>ἡ</em></strong></span> <span class='ocrx_word' id='word_1_243' title='bbox 308 3502 388 3570; x_wconf 76' lang='grc' dir='ltr'><strong><em>δὲ</em></strong></span> <span class='ocrx_word' id='word_1_244' title='bbox 431 3503 606 3589; x_wconf 79' lang='grc' dir='ltr'><strong><em>μῖξις</em></strong></span> <span class='ocrx_word' id='word_1_245' title='bbox 655 3542 732 3552; x_wconf 89' lang='lat'>-</span> <span class='ocrx_word' id='word_1_246' title='bbox 785 3500 1061 3589; x_wconf 78' lang='grc' dir='ltr'><strong><em>ἀφαιρεῖ</em></strong></span> <span class='ocrx_word' id='word_1_247' title='bbox 1099 3500 1182 3570; x_wconf 90' lang='grc' dir='ltr'><strong><em>τὸ</em></strong></span> <span class='ocrx_word' id='word_1_248' title='bbox 1230 3499 1430 3587; x_wconf 90' lang='grc' dir='ltr'><strong><em>ἄγαν</em></strong></span> <span class='ocrx_word' id='word_1_249' title='bbox 1478 3501 1659 3587; x_wconf 81' lang='lat' dir='ltr'>(ante</span> <span class='ocrx_word' id='word_1_250' title='bbox 1713 3503 1877 3567; x_wconf 83' lang='lat' dir='ltr'>dixit</span> <span class='ocrx_word' id='word_1_251' title='bbox 1927 3499 2001 3568; x_wconf 85' lang='grc' dir='ltr'><strong><em>τὸ</em></strong></span> <span class='ocrx_word' id='word_1_252' title='bbox 2049 3498 2413 3591; x_wconf 87' lang='grc' dir='ltr'><strong><em>πλήσμιον)</em></strong></span> <span class='ocrx_word' id='word_1_253' title='bbox 2460 3492 2514 3593; x_wconf 69' lang='grc' dir='ltr'><em>ᾧ</em></span> 
     </span>
     <span class='ocr_line' id='line_1_30' title="bbox 215 3598 2514 3696; baseline -0 -20"><span class='ocrx_word' id='word_1_254' title='bbox 215 3610 328 3677; x_wconf 83' lang='grc' dir='ltr'><strong><em>καὶ</em></strong></span> <span class='ocrx_word' id='word_1_255' title='bbox 389 3608 665 3695; x_wconf 86' lang='grc' dir='ltr'><strong><em>βλάπτει</em></strong></span> <span class='ocrx_word' id='word_1_256' title='bbox 725 3607 806 3677; x_wconf 79' lang='grc' dir='ltr'><strong><em>τὰ</em></strong></span> <span class='ocrx_word' id='word_1_257' title='bbox 859 3607 1024 3696; x_wconf 83' lang='grc' dir='ltr'><strong><em>ἡδέα</em></strong></span> <span class='ocrx_word' id='word_1_258' title='bbox 1079 3608 1169 3677; x_wconf 75' lang='grc' dir='ltr'><strong><em>κέ.</em></strong></span> <span class='ocrx_word' id='word_1_259' title='bbox 1234 3612 1274 3676; x_wconf 92' lang='lat' dir='ltr'><strong><em>i.</em></strong></span> <span class='ocrx_word' id='word_1_260' title='bbox 1333 3634 1384 3676; x_wconf 91' lang='lat' dir='ltr'><strong><em>e.</em></strong></span> <span class='ocrx_word' id='word_1_261' title='bbox 1441 3604 1532 3675; x_wconf 91' lang='grc' dir='ltr'><strong><em>δι’</em></strong></span> <span class='ocrx_word' id='word_1_262' title='bbox 1595 3598 1681 3675; x_wconf 86' lang='grc' dir='ltr'><strong><em>οὗ</em></strong></span> <span class='ocrx_word' id='word_1_263' title='bbox 1743 3608 1854 3675; x_wconf 81' lang='grc' dir='ltr'><strong><em>καὶ</em></strong></span> <span class='ocrx_word' id='word_1_264' title='bbox 1907 3605 1989 3675; x_wconf 83' lang='grc' dir='ltr'><strong><em>τὰ</em></strong></span> <span class='ocrx_word' id='word_1_265' title='bbox 2040 3604 2207 3694; x_wconf 81' lang='grc' dir='ltr'><strong><em>ἡδέα</em></strong></span> <span class='ocrx_word' id='word_1_266' title='bbox 2257 3612 2514 3694; x_wconf 87' lang='grc' dir='ltr'><strong><em>γίνεται</em></strong></span> 
     </span>
     <span class='ocr_line' id='line_1_31' title="bbox 216 3713 2515 3803; baseline 0 -20"><span class='ocrx_word' id='word_1_267' title='bbox 216 3713 508 3803; x_wconf 77' lang='grc' dir='ltr'><strong><em>βλαβερὰ</em></strong></span> <span class='ocrx_word' id='word_1_268' title='bbox 556 3716 667 3783; x_wconf 84' lang='grc' dir='ltr'><strong><em>καὶ</em></strong></span> <span class='ocrx_word' id='word_1_269' title='bbox 714 3713 794 3783; x_wconf 78' lang='grc' dir='ltr'><strong><em>τὰ</em></strong></span> <span class='ocrx_word' id='word_1_270' title='bbox 843 3713 1145 3803; x_wconf 76' lang='grc' dir='ltr'><strong><em>ὠφέλιμα</em></strong></span> <span class='ocrx_word' id='word_1_271' title='bbox 1179 3716 1460 3801; x_wconf 88' lang='grc' dir='ltr'><strong><em>λυπηρά.</em></strong></span> <span class='ocrx_word' id='word_1_272' title='bbox 1531 3716 1676 3782; x_wconf 87' lang='lat' dir='ltr'><strong><em>Hac</em></strong></span> <span class='ocrx_word' id='word_1_273' title='bbox 1714 3718 2160 3783; x_wconf 71' lang='lat' dir='ltr'>emendatione</span> <span class='ocrx_word' id='word_1_274' title='bbox 2198 3721 2265 3783; x_wconf 89' lang='lat' dir='ltr'><strong><em>et</em></strong></span> <span class='ocrx_word' id='word_1_275' title='bbox 2297 3718 2515 3785; x_wconf 79' lang='lat' dir='ltr'>hiatus</span> 
     </span>
     <span class='ocr_line' id='line_1_32' title="bbox 217 3818 2514 3913; baseline 0 -24"><span class='ocrx_word' id='word_1_276' title='bbox 217 3825 474 3891; x_wconf 87' lang='lat' dir='ltr'>tollitur</span> <span class='ocrx_word' id='word_1_277' title='bbox 517 3826 585 3889; x_wconf 77' lang='lat' dir='ltr'><strong><em>et</em></strong></span> <span class='ocrx_word' id='word_1_278' title='bbox 627 3825 841 3892; x_wconf 81' lang='lat' dir='ltr'>forma</span> <span class='ocrx_word' id='word_1_279' title='bbox 885 3826 1123 3891; x_wconf 82' lang='lat' dir='ltr'>vitiosa</span> <span class='ocrx_word' id='word_1_280' title='bbox 1167 3818 1548 3911; x_wconf 78' lang='grc' dir='ltr'><strong><em>ἀφαιρεῖται</em></strong></span> <span class='ocrx_word' id='word_1_281' title='bbox 1588 3825 1762 3907; x_wconf 83' lang='lat' dir='ltr'>(vitii</span> <span class='ocrx_word' id='word_1_282' title='bbox 1808 3825 2057 3910; x_wconf 84' lang='lat' dir='ltr'>inseqq.</span> <span class='ocrx_word' id='word_1_283' title='bbox 2097 3825 2514 3913; x_wconf 82' lang='lat' dir='ltr'>convincunt)</span> 
     </span>
     <span class='ocr_line' id='line_1_33' title="bbox 216 3931 2513 4015; baseline 0 -19"><span class='ocrx_word' id='word_1_284' title='bbox 216 3935 587 3998; x_wconf 84' lang='lat' dir='ltr'>removetur</span> <span class='ocrx_word' id='word_1_285' title='bbox 633 3936 699 3998; x_wconf 87' lang='lat' dir='ltr'><strong><em>et</em></strong></span> <span class='ocrx_word' id='word_1_286' title='bbox 743 3932 1104 3997; x_wconf 81' lang='lat' dir='ltr'>sententiae</span> <span class='ocrx_word' id='word_1_287' title='bbox 1152 3931 1430 3997; x_wconf 84' lang='lat' dir='ltr'>maxime</span> <span class='ocrx_word' id='word_1_288' title='bbox 1478 3932 1857 3998; x_wconf 70' lang='lat' dir='ltr'>consulitur.</span> <span class='ocrx_word' id='word_1_289' title='bbox 1930 3932 2222 3999; x_wconf 77' lang='lat' dir='ltr'>Eandem</span> <span class='ocrx_word' id='word_1_290' title='bbox 2262 3954 2513 4015; x_wconf 83' lang='lat' dir='ltr'>expres-</span> 
     </span>
     <span class='ocr_line' id='line_1_34' title="bbox 219 4032 2514 4127; baseline 0 -23"><span class='ocrx_word' id='word_1_291' title='bbox 219 4040 308 4105; x_wconf 86' lang='lat' dir='ltr'><strong><em>sit</em></strong></span> <span class='ocrx_word' id='word_1_292' title='bbox 350 4063 413 4125; x_wconf 86' lang='lat' dir='ltr'><strong><em>p.</em></strong></span> <span class='ocrx_word' id='word_1_293' title='bbox 465 4039 548 4105; x_wconf 86' lang='lat'><strong><em>15</em></strong></span> <span class='ocrx_word' id='word_1_294' title='bbox 577 4062 642 4105; x_wconf 89' lang='lat' dir='ltr'><strong><em>e:</em></strong></span> <span class='ocrx_word' id='word_1_295' title='bbox 687 4034 966 4125; x_wconf 79' lang='grc' dir='ltr'><strong><em>ἀφαιρεῖ</em></strong></span> <span class='ocrx_word' id='word_1_296' title='bbox 997 4038 1161 4127; x_wconf 90' lang='lat' dir='ltr'>(non</span> <span class='ocrx_word' id='word_1_297' title='bbox 1195 4035 1606 4125; x_wconf 77' lang='grc' dir='ltr'><strong><em>ἀφαιρεῖται)</em></strong></span> <span class='ocrx_word' id='word_1_298' title='bbox 1643 4035 1769 4125; x_wconf 79' lang='grc' dir='ltr'><strong><em>γὰρ</em></strong></span> <span class='ocrx_word' id='word_1_299' title='bbox 1815 4032 1857 4123; x_wconf 82' lang='grc' dir='ltr'><em>ἡ</em></span> <span class='ocrx_word' id='word_1_300' title='bbox 1896 4041 2128 4123; x_wconf 82' lang='grc' dir='ltr'><strong><em>κρᾶσις</em></strong></span> <span class='ocrx_word' id='word_1_301' title='bbox 2160 4040 2284 4105; x_wconf 89' lang='grc' dir='ltr'><strong><em>τοῦ</em></strong></span> <span class='ocrx_word' id='word_1_302' title='bbox 2320 4046 2514 4105; x_wconf 74' lang='grc' dir='ltr'><strong><em>οἴνου</em></strong></span> 
     </span>
     <span class='ocr_line' id='line_1_35' title="bbox 218 4140 2513 4232; baseline -0.001 -19"><span class='ocrx_word' id='word_1_303' title='bbox 218 4144 302 4213; x_wconf 88' lang='grc' dir='ltr'><strong><em>τὸ</em></strong></span> <span class='ocrx_word' id='word_1_304' title='bbox 350 4143 734 4230; x_wconf 86' lang='grc' dir='ltr'><strong><em>βλάπτον,</em></strong></span> <span class='ocrx_word' id='word_1_305' title='bbox 785 4140 868 4212; x_wconf 84' lang='grc' dir='ltr'><strong><em>οὐ</em></strong></span> <span class='ocrx_word' id='word_1_306' title='bbox 914 4149 1422 4232; x_wconf 82' lang='grc' dir='ltr'><strong><em>συναναιροῦσα</em></strong></span> <span class='ocrx_word' id='word_1_307' title='bbox 1469 4142 1552 4211; x_wconf 88' lang='grc' dir='ltr'><strong><em>τὸ</em></strong></span> <span class='ocrx_word' id='word_1_308' title='bbox 1599 4142 2006 4231; x_wconf 86' lang='grc' dir='ltr'><strong><em>χρήσιμον.</em></strong></span> <span class='ocrx_word' id='word_1_309' title='bbox 2090 4144 2388 4211; x_wconf 73' lang='lat' dir='ltr'>Oe&#39;oerum</span> <span class='ocrx_word' id='word_1_310' title='bbox 2435 4146 2513 4210; x_wconf 83' lang='lat' dir='ltr'><strong><em>cf.</em></strong></span> 
     </span>
     <span class='ocr_line' id='line_1_36' title="bbox 217 4248 2513 4339; baseline -0 -19"><span class='ocrx_word' id='word_1_311' title='bbox 217 4278 282 4339; x_wconf 86' lang='lat' dir='ltr'><strong><em>p.</em></strong></span> <span class='ocrx_word' id='word_1_312' title='bbox 328 4255 414 4318; x_wconf 90' lang='lat'><strong><em>41</em></strong></span> <span class='ocrx_word' id='word_1_313' title='bbox 447 4276 507 4317; x_wconf 89' lang='lat' dir='ltr'><strong><em>e:</em></strong></span> <span class='ocrx_word' id='word_1_314' title='bbox 563 4248 639 4318; x_wconf 88' lang='grc' dir='ltr'><strong><em>τὸ</em></strong></span> <span class='ocrx_word' id='word_1_315' title='bbox 695 4250 869 4319; x_wconf 82' lang='grc' dir='ltr'><strong><em>πολὺ</em></strong></span> <span class='ocrx_word' id='word_1_316' title='bbox 923 4251 1036 4318; x_wconf 84' lang='grc' dir='ltr'><strong><em>καὶ</em></strong></span> <span class='ocrx_word' id='word_1_317' title='bbox 1091 4249 1293 4319; x_wconf 80' lang='grc' dir='ltr'><strong><em>κενὸν</em></strong></span> <span class='ocrx_word' id='word_1_318' title='bbox 1349 4248 1773 4337; x_wconf 78' lang='grc' dir='ltr'><strong><em>ἀφαιροῦντα</em></strong></span> <span class='ocrx_word' id='word_1_319' title='bbox 1825 4254 1943 4337; x_wconf 81' lang='grc' dir='ltr'><strong><em>τῆς</em></strong></span> <span class='ocrx_word' id='word_1_320' title='bbox 1996 4249 2248 4330; x_wconf 83' lang='grc' dir='ltr'><strong><em>λέξεως.</em></strong></span> <span class='ocrx_word' id='word_1_321' title='bbox 2330 4252 2415 4318; x_wconf 82' lang='grc'><strong><em>51</em></strong></span> <span class='ocrx_word' id='word_1_322' title='bbox 2448 4276 2513 4319; x_wconf 87' lang='lat' dir='ltr'><strong><em>c:</em></strong></span> 
     </span>
     <span class='ocr_line' id='line_1_37' title="bbox 219 4354 2514 4447; baseline 0 -22"><span class='ocrx_word' id='word_1_323' title='bbox 219 4356 673 4447; x_wconf 77' lang='grc' dir='ltr'><strong><em>ἀφαιροῦντες</em></strong></span> <span class='ocrx_word' id='word_1_324' title='bbox 715 4354 791 4425; x_wconf 87' lang='grc' dir='ltr'><strong><em>τὸ</em></strong></span> <span class='ocrx_word' id='word_1_325' title='bbox 834 4356 1185 4445; x_wconf 86' lang='grc' dir='ltr'><strong><em>πλήσμιον.</em></strong></span> <span class='ocrx_word' id='word_1_326' title='bbox 1252 4357 1454 4424; x_wconf 83' lang='lat' dir='ltr'>Simil.</span> <span class='ocrx_word' id='word_1_327' title='bbox 1500 4381 1561 4442; x_wconf 90' lang='lat' dir='ltr'><strong><em>p.</em></strong></span> <span class='ocrx_word' id='word_1_328' title='bbox 1601 4359 1733 4424; x_wconf 83' lang='lat'><strong><em>913</em></strong></span> <span class='ocrx_word' id='word_1_329' title='bbox 1755 4360 1817 4425; x_wconf 86' lang='lat' dir='ltr'><strong><em>b.</em></strong></span> <span class='ocrx_word' id='word_1_330' title='bbox 1863 4360 2015 4424; x_wconf 89' lang='lat' dir='ltr'>Ant.</span> <span class='ocrx_word' id='word_1_331' title='bbox 2044 4361 2149 4425; x_wconf 82' lang='lat'><strong><em>24.</em></strong></span> <span class='ocrx_word' id='word_1_332' title='bbox 2196 4358 2380 4425; x_wconf 79' lang='lat' dir='ltr'>Galb.</span> <span class='ocrx_word' id='word_1_333' title='bbox 2412 4361 2514 4426; x_wconf 87' lang='lat'><strong><em>19.</em></strong></span> 
     </span>
    </p>
   </div>
   <div class='ocr_carea' id='block_1_7' title="bbox 221 4460 2512 4629">
    <p class='ocr_par' dir='ltr' id='par_1_7' title="bbox 221 4460 2512 4629">
     <span class='ocr_line' id='line_1_38' title="bbox 221 4460 2512 4552; baseline 0.001 -20"><span class='ocrx_word' id='word_1_334' title='bbox 221 4468 307 4533; x_wconf 88' lang='grc'><strong><em>66</em></strong></span> <span class='ocrx_word' id='word_1_335' title='bbox 335 4468 406 4533; x_wconf 86' lang='lat' dir='ltr'><strong><em>b:</em></strong></span> <span class='ocrx_word' id='word_1_336' title='bbox 455 4462 564 4533; x_wconf 90' lang='grc' dir='ltr'><strong><em>διὸ</em></strong></span> <span class='ocrx_word' id='word_1_337' title='bbox 605 4468 714 4531; x_wconf 88' lang='grc' dir='ltr'><strong><em>δεῖ</em></strong></span> <span class='ocrx_word' id='word_1_338' title='bbox 750 4462 876 4551; x_wconf 83' lang='grc' dir='ltr'><strong><em>τὴν</em></strong></span> <span class='ocrx_word' id='word_1_339' title='bbox 911 4470 1290 4552; x_wconf 82' lang='grc' dir='ltr'><strong><em>παρρησίαν</em></strong></span> <span class='ocrx_word' id='word_1_340' title='bbox 1336 4460 1493 4551; x_wconf 77' lang='grc' dir='ltr'><strong><em>ἤθει</em></strong></span> <span class='ocrx_word' id='word_1_341' title='bbox 1529 4466 1899 4552; x_wconf 79' lang='grc' dir='ltr'><strong><em>κεκρᾶσθαι</em></strong></span> <span class='ocrx_word' id='word_1_342' title='bbox 1934 4464 2046 4532; x_wconf 83' lang='grc' dir='ltr'><strong><em>καὶ</em></strong></span> <span class='ocrx_word' id='word_1_343' title='bbox 2091 4462 2299 4551; x_wconf 88' lang='grc' dir='ltr'><strong><em>λόγον</em></strong></span> <span class='ocrx_word' id='word_1_344' title='bbox 2338 4468 2512 4552; x_wconf 82' lang='grc' dir='ltr'><strong><em>ἔχειν</em></strong></span> 
     </span>
     <span class='ocr_line' id='line_1_39' title="bbox 2016 4572 2090 4629; baseline 0 -22"><span class='ocrx_word' id='word_1_345' title='bbox 2016 4572 2090 4629; x_wconf 63' lang='grc'><strong><em>7*</em></strong></span> 
     </span>
    </p>
   </div>
  </div>
 </body>
</html>
