3200 5175
1435 235 1930 306 ‘-24-

555 416 950 508 παλεύσας),
1006 419 1178 505 quod
1233 420 1415 485 nullo
1470 417 1664 484 modo
1720 417 2131 503 comprobari
2187 421 2425 503 potest.
2516 417 2903 484 Sententia

564 527 836 613 requirit
880 528 1168 612 verbum,
1213 526 1385 612 quod
1431 525 1599 590 idem
1644 525 1861 590 valeat
1895 527 2087 610 atque
2128 520 2544 611 παράφορος,
2590 527 2915 612 ἔκφρων

565 631 926 719 γενόμενος
961 628 1119 720 (ὑπὸ
1157 632 1275 716 τῆς
1303 627 1520 710 ὅψεως
1554 627 1663 697 καὶ
1701 633 2029 717 λαμυρίας
2054 631 2173 714 τῆς
2208 625 2628 719 Οὐαλερίας).
2670 632 2901 698 Eius-

560 741 735 808 modi
780 741 980 806 verba
1027 742 1205 806 sunt:
1249 742 1793 824 παρακινείσθαι,
1837 739 2369 823 παρακινητικῶς
2410 740 2610 823 ἔχειν,
2653 760 2899 824 παρα-

558 846 983 932 κεκινηκέναι
1023 847 1124 922 ‚cf.
1171 844 1310 912 Cat.
1373 845 1528 910 min.
1587 844 1703 910 46:
1757 840 2299 930 παρακεκινηκὼς
2358 840 2526 929 πρὸς
2576 841 2698 911 τὸν
2768 842 2905 912 λό-

555 979 705 1040 γον.
766 953 1236 1040 Gorrigendum
1272 952 1502 1038 igitur:
1548 953 2161 1037 παρακινηθείς,
2200 951 2373 1038 quod
2408 953 2577 1017 male
2614 953 2897 1018 lectum

556 1062 720 1127 illud
789 1058 1350 1148 παραβ(κ)ληθείς
1420 1059 1689 1144 peperit.
1800 1056 1926 1123 Sed
1994 1080 2079 1123 ne
2144 1059 2297 1144 quid
2361 1059 2716 1144 dubitetur,
2800 1061 2903 1126 cf·

561 1192 624 1253 p.
678 1169 804 1234 180
842 1190 907 1234 e:
964 1163 1471 1252 Ἀντιπατρίδου
1515 1161 1592 1230 δὲ
1638 1160 1852 1249 καλὴν
1896 1161 2229 1252 ψάλτριαν
2274 1163 2379 1232 ἐπὶ
2440 1161 2515 1231 τὸ
2583 1166 2898 1232 δεῖπνον

561 1270 963 1359 ἀγαγόντος,
1025 1270 1396 1357 κινηθεὶς
1457 1271 1546 1358 τῇ
1614 1266 1796 1349 ὄψει
1850 1267 2019 1356 πρὸς
2075 1267 2289 1357 αὐτὴν
2343 1266 2380 1338 ὃ
2430 1266 2899 1358 Ἀλέξανδρος

559 1376 862 1468 ἠρώτησε
924 1378 1015 1447 κὲ.
1105 1379 1289 1445 Arat.
1346 1379 1460 1444 20:
1527 1372 1562 1443 ὁ
1632 1373 1707 1443 δὲ
1760 1376 2028 1462 Τέχνων
2090 1374 2256 1463 πρὸς
2316 1373 2397 1445 τά
2452 1390 2692 1466 σημεῖα
2752 1381 2895 1466 τῆς

562 1488 827 1573 μορφῆς
878 1487 960 1574 τῇ
1016 1481 1358 1572 ὁμοιότητι
1412 1486 1737 1568 κινηθείς.
1828 1482 2081 1550 Camill.
2127 1486 2243 1551 35:
2296 1483 2465 1572 πρὸς
2516 1482 2643 1570 τὴν
2697 1483 2893 1566 ὄψιν

561 1594 1003 1671 ἐπικλασθείς.
1050 1592 1290 1660 Coriol.
1317 1593 1434 1658 34:
1474 1593 1959 1679 συνταραχθείς
1984 1588 2153 1675 πρὸς
2177 1589 2303 1676 τὴν
2330 1588 2509 1673 ὄψιν.
2554 1617 2615 1678 Ρ.
2645 1594 2893 1661 682b:

561 1697 806 1768 παθών
849 1724 915 1766 τι
959 1696 1126 1786 πρὸς
1169 1695 1295 1784 τὴν
1341 1694 1521 1777 ὄψιν.

741 1805 1063 1874 Cimonis
1093 1805 1162 1871 5:
1201 1801 1586 1893 ὁρμήσαντα
1616 1798 1681 1869 δ’
1716 1799 1925 1870 αὐτὸν
1956 1802 2071 1891 (sc.
2098 1801 2219 1872 τὸν
2248 1807 2561 1896 Κίμωνα)
2593 1807 2699 1874 ἐπὶ
2738 1803 2891 1894 τὴν

561 1915 901 1981 πολιτείαν
956 1907 1246 1997 ἅσμενος
1304 1906 1339 1976 ὁ
1400 1912 1613 1997 δῆμος
1666 1909 1931 1990 ἐδέξατο
1994 1909 2108 1976 καὶ
2168 1950 2239 1959 -
2304 1907 2549 1999 ἀνῆγε
2609 1911 2885 2004 (πρὸς)

560 2016 680 2098 τὰς
722 2023 1036 2106 μεγίστας
1081 2017 1155 2084 ἐν
1200 2018 1280 2105 τῇ
1326 2013 1516 2083 πόλει
1550 2013 1744 2103 τιμὰς
1780 2015 1892 2083 καὶ
1930 2014 2151 2105 ἀρχάς.
2224 2016 2413 2105 Πρός
2448 2045 2487 2086 a
2526 2021 2885 2107 Stephano

566 2127 852 2194 additam
909 2147 1133 2193 omnes
1189 2127 1343 2210 post
1399 2146 1546 2190 eum
1595 2125 1668 2190 in
1713 2129 1964 2191 textum
2010 2130 2404 2212 receperunt.
2495 2128 2885 2215 Madvigius

566 2235 845 2300 correxit
899 2227 1033 2299 civ?
1037 2257 1112 2318 γε
1161 2243 1305 2310 ταῖς
1347 2233 1687 2317 μεγίσταις
1729 2241 1950 2317 τιμαῖς
1994 2235 2105 2298 καὶ
2151 2229 2402 2321 ἀρχαῖς.
2492 2233 2721 2320 Neque
2772 2241 2883 2302 ta-

562 2363 714 2408 men
781 2339 1094 2426 Stephani
1167 2340 1681 2407 additamentum
1743 2362 1953 2424 neque
2017 2338 2335 2427 Madvigii
2398 2342 2881 2408 correctionem

563 2453 738 2515 recte
787 2471 856 2514 se
902 2448 1139 2514 habere
1186 2447 1326 2530 ipse
1363 2445 1755 2511 Plutarchus
1801 2445 1978 2510 hisce
2017 2446 2175 2510 locis
2213 2446 2485 2512 docebit.
2553 2446 2750 2514 Num.
2804 2451 2883 2516 2:

565 2559 640 2623 εἰ
648 2581 681 2633 ς
725 2554 913 2621 θεῶν
965 2547 1160 2638 τιμὰς
1202 2545 1582 2637 ἀνάγοντες.
1664 2552 1772 2617 16:
1820 2553 1914 2629 εἰς
1956 2546 2151 2636 τιμὰς
2194 2549 2306 2619 καὶ
2350 2555 2602 2633 πίστεις
2638 2549 2877 2642 ἀνῆγε.

563 2663 842 2749 Lysand.
892 2660 962 2727 5:
1018 2682 1179 2736 τους
1221 2696 1307 2705 —-
1365 2661 1607 2743 φίλους
1658 2695 1734 2707 -
1784 2659 1880 2736 εἰς
1926 2694 2007 2707 -·
2055 2655 2246 2745 τιμάς
2298 2659 2411 2726 καὶ
2467 2666 2880 2748 στρατηγίας

563 2764 855 2853 ἀνάγων.
949 2768 1063 2834 24:
1117 2759 1430 2832 κάκείνου
1487 2768 1582 2843 εἰς
1626 2766 1811 2832 θεῶν
1854 2762 2049 2851 τιμὰς
2094 2762 2449 2853 ἀνήγαγεν.
2541 2792 2602 2853 p.
2649 2771 2785 2835 229
2818 2770 2879 2853 fg

562 2870 868 2953 κάκεῖνος
915 2875 1011 2951 εἰς
1063 2873 1250 2939 θεῶν
1302 2868 1498 2957 τιμὰς
1541 2868 1833 2957 ἀνήχθη.
1923 2874 2053 2940 316
2083 2874 2151 2940 d:
2207 2870 2459 2962 ἄνδρας
2513 2877 2609 2954 εἰς
2656 2873 2875 2956 δόξαν

566 2978 961 3065 ἀνάγουσιν,
1009 2981 1102 3057 εἰς
1157 2974 1473 3063 δύναμιν,
1513 2980 1608 3057 είς
1642 2974 2027 3065 ἡγεμονίαν.
2071 3004 2133 3066 p.
2180 2982 2308 3047 647
2340 3005 2379 3048 a
2416 2986 2537 3049 etc.
2576 3020 2662 3031 —-
2704 2983 2871 3069 Sup-

569 3088 878 3174 plendum
922 3088 1151 3174 igitur:
1202 3079 1482 3171 ἀνῆγε(ν
1525 3085 1652 3173 εἰς)
1698 3082 1815 3164 τάς
1856 3089 2167 3172 μεγίστας
2210 3086 2301 3155 κε’.

753 3194 859 3259 1οε
918 3190 1052 3279 ἤδη
1104 3189 1167 3259 δ’
1221 3188 1526 3281 εὐπορῶν
1571 3188 1608 3260 ὁ
1656 3198 1898 3279 Κίμων
1944 3194 2228 3281 ἐφόδια
2273 3196 2416 3279 τῆς
2462 3199 2872 3282 στρατιᾶς,

567 3297 610 3367 ἀ
665 3300 886 3379 καλῶς
929 3294 1058 3367 ἀπὸ
1104 3300 1240 3368 τῶν
1285 3304 1625 3386 πολεμίων
1671 3301 1900 3381 ἔδοξεν
1946 3298 2341 3388 ὠφελῆσθαι
2384 3298 2662 3370 κάλλιον
2710 3300 2871 3389 ἀνή-

565 3412 792 3475 λισκεν
837 3410 932 3486 εἰς
975 3404 1130 3475 roias
1175 3408 1466 3485 πολίτας.
1549 3408 1655 3474 Ita
1701 3409 1881 3475 codd.
1926 3408 2053 3475 nisi
2099 3410 2270 3494 quod
2316 3409 2387 3477 G.
2430 3411 2655 3478 habet:
2712 3411 2869 3497 ε’φο·

566 3516 753 3581 δίων.
854 3513 1092 3581 Goraes
1139 3538 1258 3600 pro
1306 3517 1616 3602 στρατιᾶς
1674 3516 1932 3601 scripsit
1986 3519 2397 3603 στρατηγίας.
2496 3515 2675 3582 Bene
2731 3518 2867 3583 scio

565 3622 990 3687 Plutarchum
1026 3622 1097 3685 in
1133 3622 1444 3688 Themist.
1487 3624 1570 3688 10
1609 3623 1969 3707 scripsisse:
2017 3616 2383 3708 εὐπορῆσαι
2419 3661 2506 3673 -
2548 3622 2867 3710 ἐφοδίων.

567 3752 628 3813 Ρ.
698 3727 825 3793 193
863 3747 924 3791 o:
990 3724 1272 3811 ἐφόδιον
1339 3728 1454 3810 τῆς
1520 3729 1846 3812 στρατιᾶς.
1949 3754 2009 3815 Ρ.
2066 3731 2192 3796 327
2226 3730 2279 3796 f:
2343 3732 2459 3816 τῆς
2522 3734 2866 3816 στρατείας

571 3830 873 3920 ἐφόδιον.
964 3835 1093 3901 348
1132 3834 1187 3900 f:
1245 3830 1753 3923 στρατευμάτων
1812 3832 2070 3920 ἐφόδια.
2161 3838 2292 3905 322
2326 3860 2390 3903 a:
2444 3838 2863 3924 παρασκευῆς

569 3938 883 4028 ἐφόδιον;
946 3946 1283 4026 praeterea.
1346 3964 1537 4007 usum
1602 3964 1743 4007 csse
1788 3942 1985 4008 verbo
2042 3940 2395 4028 ἐφοδιάζω,
2461 3948 2656 4030 atque
2712 3968 2861 4013 con-

569 4048 922 4115 structione
968 4042 1298 4135 ἀργύριον
1348 4085 1425 4094 -
1481 4041 1853 4136 εὐπόρησεν
1898 4047 1989 4136 (Ρ.
2038 4051 2164 4116 837
2196 4046 2283 4138 ο),
2326 4051 2455 4115 nisi
2503 4052 2861 4138 corrigatur

569 4150 918 4239 ἀργυρίου.
971 4192 1046 4201 -
1100 4154 1224 4221 Sed
1280 4157 1350 4221 in
1405 4156 1706 4221 omnibus
1753 4157 1855 4223 his
1910 4158 2072 4224 locis
2128 4159 2470 4224 verborum
2524 4162 2591 4224 et
2637 4180 2859 4225 sensus

569 4265 634 4327 et
681 4260 1066 4346 compositio
1113 4263 1289 4328 clara
1336 4265 1506 4329 sunt.
1593 4261 1765 4329 Loco
1812 4266 2051 4348 tamen,
2099 4265 2177 4330 de
2224 4287 2353 4350 quo
2400 4265 2634 4351 agitur,
2681 4264 2857 4351 quid-

569 4368 721 4455 quid
787 4368 1119 4453 scripseris
1128 4420 1146 4453 ‚
1209 4372 1285 4434 ut
1335 4373 1411 4437 ut
1464 4370 1774 4457 στρατιᾶς
1819 4371 2199 4457 correxeris,
2262 4393 2470 4459 neque
2514 4372 2857 4439 verborum
