3200 5175
1517 308 1961 373 ...96-

597 481 685 551 va·
719 480 880 551 αὐτὸ
929 480 1002 550 τὸ
1042 482 1299 570 νοηθὲν
1335 479 1466 551 ὑπὸ
1509 486 1649 550 τῶν
1694 481 2039 571 δαιμόνων
2078 477 2439 568 άναλαβὼν
2482 481 2523 550 6
2560 478 2711 571 άήρ.
2786 484 2891 552 So-

595 593 730 657 lum
777 586 908 657 ὑπὸ
943 592 1084 657 τῶν
1129 586 1570 679 άμει(νόνων)
1608 591 1870 678 sufficit3
1918 591 2361 656 additamenta
2397 587 2760 676 δεξάμενος
2795 594 2895 658 vel

595 694 952 783 ἀναλαβών
997 702 1064 763 et
1125 700 1673 765 constructionem
1726 698 1997 763 turbant
2040 701 2108 764 et
2162 698 2522 764 sententiae
2576 698 2741 763 nihil
2787 698 2894 764 ad·
2965 716 2971 721 ·

597 804 776 871 dunt.
849 803 1016 871 Plut.
1057 805 1229 871 enim
1266 826 1646 891 praegressa
1684 799 1721 871 6
1757 800 1885 889 γὰρ
1922 798 2051 889 ἀὴρ
2086 842 2160 851 -
2195 800 2558 888 γενόμενος
2596 798 2689 870 δι’
2731 799 2895 872 ὅλου

596 911 795 995 λόγος
839 909 950 977 καὶ
997 907 1196 996 φωνή
1243 912 1388 977 aliis
1442 912 1657 977 verbis
1694 912 1756 977 h.
1794 913 1835 977 l.
1873 913 2127 996 repetit.
2199 908 2388 977 Κατὰ
2429 912 2629 977 τοῦτο
2674 907 2753 978 τὸ
2795 935 2895 978 νο.

595 1012 726 1083 ὑπὸ
772 1020 912 1083 τῶν
955 1012 1065 1103 άμ.
1111 1013 1147 1083 6
1198 1012 1328 1104 άὴρ
1365 1014 1769 1104 τρεπόμενος
1812 1018 1978 1083 nihil
2024 1018 2198 1083 aliud
2246 1022 2347 1083 est
2400 1040 2619 1105 quam:
2676 1013 2713 1083 6
2765 1012 2896 1103 άὴρ

595 1120 1000 1208 τρεπόμενος
1060 1119 1228 1190 κατὰ
1280 1125 1511 1208 τοῦτο,
1567 1120 1731 1208 ὅπερ
1784 1119 1917 1190 ὑπὸ
1972 1126 2109 1191 τῶν
2172 1120 2555 1209 ἀμεινόνων
2612 1121 2897 1209 ἑνοήθηε

598 1225 634 1295 6
683 1224 814 1314 ἀήρ
859 1226 1226 1316 λαμβάνων
1276 1226 1532 1315 τροπὴν
1579 1226 1921 1315 άνάλογον
1968 1227 2133 1315 πρὸς
2176 1226 2251 1297 τὸ
2289 1227 2548 1315 νοηθὲν
2593 1226 2725 1297 ὑπὸ
2763 1232 2902 1298 τῶν

598 1332 996 1422 ἀμεινόνων.

777 1462 844 1529 C.
891 1465 978 1528 22
1034 1461 1122 1547 (p.
1171 1464 1302 1528 590
1331 1461 1417 1549 c):
1473 1460 1871 1547 τεινομένην
1923 1462 2087 1540 τέως
2140 1460 2257 1549 (sc.
2308 1458 2435 1547 τὴν
2487 1458 2743 1550 ψυχήν)
2784 1461 2903 1528 καὶ

594 1572 874 1635 πλείονα
910 1573 1226 1653 γίνεσθαι
1269 1570 1388 1653 τῆς
1431 1564 1777 1655 πρότερον.
1850 1568 2151 1635 Reisln'us
2180 1569 2519 1654 proposuit
2560 1588 2905 1636 συντεινο-

596 1674 826 1760 μένην.
908 1677 1126 1760 Wytt:
1174 1672 1288 1741 διὰ
1335 1672 1609 1761 χρόνου,
1658 1674 2309 1762 στενοχωρουμένην.
2390 1675 2569 1741 Bene
2626 1678 2710 1743 ad
2758 1698 2903 1743 sen·

598 1783 893 1868 tentiam,
932 1781 1046 1847 sed
1083 1783 1165 1849 ad
1200 1784 1535 1849 literarum
1574 1784 1803 1849 duetus
1841 1806 1971 1849 non
2012 1785 2189 1850 item.
2261 1784 2408 1869 Ego
2446 1785 2635 1850 valde
2674 1806 2901 1851 vereor

595 1909 678 1952 ne
743 1911 782 1953 a
836 1887 1184 1955 Plutarcho
1263 1890 1572 1975 scriptum
1636 1890 1835 1955 fuerit
1896 1888 2321 1976 τειρομένην,
2387 1890 2561 1976 quod
2624 1891 2895 1957 verbum

594 1996 919 2078 poeticum
973 1995 1274 2061 librarius
1334 1994 1469 2063 nori
1523 1996 1948 2063 intellexerat.
2036 1996 2338 2064 Ceterum
2395 1998 2467 2062 in
2522 1999 2706 2065 codd.
2750 1998 2897 2064 Plu-

594 2101 805 2166 tarchi
854 2104 904 2167 Ν
945 2133 1030 2155 --
1073 2104 1135 2169 Ρ.

772 2225 978 2294 Paulo
1024 2233 1200 2314 post:
1250 2224 1424 2295 εἶναι
1473 2226 1548 2294 δὲ
1591 2230 1711 2314 τῆς
1754 2226 2237 2313 θαλάσσηςπῆ
2285 2224 2411 2313 μὲν
2455 2225 2630 2294 πολὺ
2682 2226 2903 2313 βάθος

595 2328 758 2398 κατὰ
804 2329 1073 2420 νότον,
1119 2332 1464 2421 μάλιστα
1512 2331 1574 2402 δ’
1618 2331 1822 2421 άραιὰ
1858 2328 2103 2419 τενάγη
2140 2332 2254 2400 καὶ
2290 2332 2563 2420 βράχεα,
2600 2337 2901 2420 πολλαχῆ

597 2436 672 2504 δὲ
714 2438 826 2505 καὶ
871 2435 1330 2527 ὑπερχεῖσθαι,
1375 2441 1485 2508 καὶ
1531 2438 1885 2509 άπολιπεῖν
1931 2432 2135 2518 αὖθις
2174 2436 2255 2507 οὐ
2292 2437 2583 2527 μεγάλας
2623 2437 2902 2526 ἐκβολὰς

596 2544 1099 2633 λαμβάνουσαν,
1145 2548 1256 2616 καὶ
1300 2546 1439 2628 τὰς
1482 2547 1719 2636 χρόας
1762 2546 1837 2616 τὸ
1884 2546 2008 2635 μὲν
2052 2544 2343 2635 ἄκρατον
2388 2547 2501 2615 καὶ
2556 2546 2897 2634 πελάγιον,

594 2652 670 2721 τὸ
719 2652 783 2719 δ’
837 2653 922 2722 οὐ
965 2653 1300 2742 καθαρόν,
1347 2652 1516 2724 ἀλλὰ
1561 2655 2058 2743 συγκεχυμένον
2106 2655 2219 2723 καὶ
2264 2658 2607 2742 λιμνῶδες.
2682 2657 2899 2743 Wytt:

597 2762 993 2830 emendavit:
1040 2760 1206 2830 κατὰ
1252 2761 1456 2830 νότον
1502 2761 1821 2849 μάλιστα,
1866 2760 2031 2829 κατὰ
2086 2761 2161 2829 δὲ
2211 2760 2459 2849 ἄρκτον
2500 2760 2767 2848 τενάγη.
2820 2799 2893 2810 -

598 2867 1020 2936 Scribendum
1065 2875 1253 2956 puto:
1307 2867 1397 2957 πὴ
1443 2868 1567 2956 μὲν
1622 2866 1797 2937 πολὺ
1850 2867 2069 2954 βάθος
2112 2866 2275 2936 κατὰ
2333 2867 2538 2937 νότον
2590 2869 2896 2955 μάλιστα,

600 2970 739 3061 [πὴ]
791 2971 857 3039 δ’
909 2970 1112 3062 άραιὰ
1149 2975 1389 3063 τενάγη
1429 3016 1537 3062 -,
1574 2976 1686 3043 καὶ
1725 2971 2140 3043 άπολείπειν
2180 3015 2297 3060 -,
2335 2975 2446 3042 καὶ
2483 2978 2619 3062 τῆς
2663 2974 2898 3063 χρόας

598 3077 674 3148 τὸ
721 3078 845 3166 μὲν
891 3077 1183 3168 ἄκρατον
1230 3084 1345 3172 (sc.
1393 3080 1594 3172 εἶναι)
1644 3083 1732 3151 κέ.

780 3205 984 3272 Paulo
1021 3210 1174 3293 post
1207 3207 1550 3293 legendum
1587 3208 1866 3275 conicio·
1911 3207 2051 3273 τῶν
2088 3204 2164 3272 δὲ
2200 3207 2462 3290 ῥοθίων
2498 3204 2615 3285 τὰς
2653 3204 2899 3294 νήσους

601 3338 736 3398 αμα
785 3311 923 3405 [τω]
972 3313 1459 3400 περαινομένας
1504 3312 1863 3399 ἐπανάγειν
1907 3313 1998 3380 κὲ.

777 3419 847 3488 Ο.
885 3423 971 3488 33
1016 3422 1106 3508 (p.
1144 3423 1274 3488 598
1303 3419 1378 3509 b)
1425 3423 1849 3508 supplendum
1894 3425 2085 3508 puto:
2130 3425 2203 3486 τί
2242 3419 2318 3487 δὲ
2362 3425 2647 3507 κομίζεις
2693 3419 2895 3509 παρά-

599 3530 874 3614 σημΟΝ;
922 3530 1029 3610 [Ὁ
1067 3525 1188 3616 Ab]
1235 3525 1371 3614 ἅμα
1415 3529 1506 3618 τῷ
1553 3525 1729 3617 λόγω
1775 3523 2019 3608 ξυστὸν
2061 3524 2152 3594 κὲ.

776 3651 882 3716 De
938 3651 1168 3717 exilio
1224 3675 1276 3717 c.
1321 3655 1366 3718 4
1423 3651 1516 3739 (p.
1564 3653 1695 3718 600
1723 3651 1795 3741 b)
1851 3654 2051 3718 scrib:
2116 3651 2226 3718 καὶ
2288 3651 2396 3718 σοὶ
2458 3657 2697 3720 τοίνυν
2746 3649 2885 3739 παρ’

600 3754 965 3824 ὁντιναοῦν
1011 3761 1142 3824 ἔστ
1154 3785 1196 3824 ι.

777 3882 845 3950 O.
897 3885 932 3948 7
982 3887 1141 3949 extr.
1189 3906 1316 3949 scr:
1365 3879 1938 3972 ἐρρᾳδιούργησας
1980 3906 2101 3969 pro
2149 3883 2329 3972 ἐρᾳδ.
2400 3863 2407 3868 ’

779 3989 848 4056 O.
900 3993 978 4056 11
1029 3990 1119 4077 (p.
1167 3991 1297 4056 603
1325 3988 1388 4078 e)
1439 3991 1680 4078 corrig:
1726 3984 2220 4076 ἀπερίσπαστον
2272 3989 2383 4056 καὶ
2429 3987 2721 4076 ἡδίονα
2768 3995 2892 4077 (vel

599 4093 880 4182 ἥδιστον
925 4120 1045 4183 pro
1094 4096 1339 4185 ἴδιον)
1384 4101 1541 4182 βίον
1586 4093 1679 4175 ὥς
1722 4093 1996 4183 άληθῶς
2041 4099 2297 4164 δίδωσι.

781 4219 852 4288 C.
913 4223 990 4287 17
1060 4221 1148 4308 (p.
1204 4224 1335 4288 606
1364 4221 1456 4310 c):
1524 4223 1861 4307 Διογένης
1914 4261 1998 4272 —-
2056 4224 2151 4300 εἰς
2218 4219 2294 4290 τὸ
2368 4224 2491 4289 τοῦ
2560 4227 2896 4290 Φιλίππου

604 4325 1056 4415 στρατόπεδον
1128 4325 1492 4414 παρελθών
1507 4377 1526 4412 ,
1599 4327 1883 4414 ὁπηνίκα
1960 4325 2380 4416 μαχούμενος
2452 4326 2683 4415 ἐχώρει
2759 4341 2897 4406 τοῖς

583 4430 883 4520 ”Ἐλλησι,
919 4435 1029 4501 καὶ
1075 4432 1244 4521 πρὸς
1279 4431 1488 4502 αὐτὸν
1531 4431 1854 4522 ἀναχθεὶς
1898 4432 1989 4514 ὥς
2033 4433 2559 4522 κατάσκοπος,
2606 4439 2737 4522 ἔφη
2782 4438 2896 4522 τῆς
