3200 5175
1543 330 1979 401 ...52-

613 514 838 599 κακοί,
881 512 1250 601 Madvigius
1294 508 1492 579 ἄθεοι
1503 561 1524 596 ,
1569 509 2043 577 Herwerdenus
2088 503 2393 596 ἀνόητοι;
2453 512 2731 594 poterat
2790 510 2963 594 quis

617 622 852 689 addere
896 617 1182 707 ἠλίθιος.
1271 619 1681 686 Vocabulum
1724 621 1944 684 tamen
1986 611 2246 701 ἀγαθοί
2284 616 2582 681 omnibus
2624 615 2753 679 his
2810 638 2963 679 me-

617 729 846 795 dicinis
892 731 960 795 et
1003 728 1324 794 similibus
1369 727 1618 792 resistit
1662 728 1729 793 et
1772 725 1958 791 valde
2002 746 2257 808 vereor,
2315 746 2399 790 ne
2444 722 2669 788 eodem
2730 745 2964 787 sensu

617 837 870 903 dicatur
901 858 1032 922 quo
1068 838 1300 901 nostra
1334 832 1732 900 consuetudo
1760 831 2195 897 conservavit:
2236 825 2501 913 ἀγαθὸς
2527 824 2963 914 ἄνθρωπος,

617 946 685 1007 et
727 941 902 1008 Galli
947 943 1168 1009 dicunt
1211 942 1330 1008 bon
1371 940 1612 1007 homme
1652 939 1719 1004 h.
1764 960 1817 1005 e.
1862 933 2171 1022 ἀνόητος,
2215 929 2489 1020 εὐήθης.

793 1064 866 1131 C.
884 1067 972 1131 20
1000 1064 1090 1152 (p.
1113 1064 1344 1151 134e).
1381 1089 1473 1142 ως
1507 1058 1642 1147 γάρ
1668 1058 1751 1127 τὰ
1779 1056 2028 1128 ὀθόνια
2056 1058 2355 1146 ῥύμμασι
2380 1057 2493 1125 καὶ
2521 1060 2962 1144 χαλαστραί-

617 1196 719 1250 οις
761 1169 1149 1257 πλυνόμενα
1196 1172 1454 1256 μᾶλλον
1499 1165 1967 1235 ἐκπλυνεται
2009 1168 2147 1233 τῶν
2192 1161 2755 1247 ὑδατοκλύστων,
2828 1159 2961 1230 οὗ·

615 1302 744 1357 τως
786 1283 921 1345 κτλ.
999 1277 1292 1345 Verbum
1335 1272 1725 1343 ἐκπλύνεται
1769 1275 2117 1342 manifesto
2162 1274 2545 1339 mendosum
2588 1276 2713 1358 est,
2768 1273 2956 1337 item

617 1381 1003 1453 λεπτύνεται
1059 1384 1495 1450 Herwerdeni.
1593 1382 1760 1450 Cum
1823 1383 2092 1449 verbum
2154 1382 2461 1448 deterendi
2523 1380 2955 1465 requiratur,

617 1493 863 1558 conicio
921 1490 1393 1578 ἐκτρίβεται,
1452 1490 1624 1578 quod
1684 1491 1777 1557 sic
1823 1490 2135 1574 seriptum
2181 1487 2367 1554 ἘΙΕΤ
2370 1486 2593 1553 ΡΙ.ΕΤ
2594 1488 2663 1551 ΑΙ
2716 1486 2951 1549 libra-

616 1599 752 1665 rius
799 1599 1155 1684 supplendo
1201 1600 1273 1664 in
1317 1594 1707 1664 ἐκπλύνεται
1753 1596 2035 1663 refinxit.
2100 1594 2181 1661 cf.
2225 1617 2285 1679 p.
2324 1594 2367 1659 2
2394 1593 2467 1658 d:
2512 1592 2815 1677 σίδηρος
2866 1587 2955 1656 δὲ

617 1703 730 1770 καὶ
777 1701 1019 1789 χαλκὸς
1061 1714 1206 1781 ταῖς
1250 1703 1536 1789 ἐπαφαῖς
1576 1704 1716 1770 τῶν
1761 1702 2005 1789 χειρῶν
2048 1700 2481 1788 ἐκτρίβονται.

796 1827 867 1894 G.
911 1829 955 1894 5
1000 1825 1092 1914 (p.
1143 1829 1270 1893 124
1296 1826 1360 1911 c)
1417 1828 1619 1894 immo
1676 1827 1874 1893 scrib:
1939 1826 2034 1903 εἰς
2087 1820 2377 1911 ἄκρατον
2432 1817 2563 1908 ὑφ’
2625 1810 2727 1888 οὗ
2782 1820 2947 1910 (pro

621 1928 740 2019 ἀφ’
792 1925 905 2022 οὗ)
951 1930 1310 2020 διεφθάρη.

801 2056 874 2125 O.
914 2061 950 2126 7
999 2064 1158 2125 extr.
1205 2056 1295 2144 (p.
1338 2059 1464 2124 126
1492 2055 1589 2145 b):
1638 2052 1681 2143 ἢ
1716 2054 1839 2143 τὴν
1873 2058 2108 2142 γεῦσιν
2145 2051 2383 2142 ὀσμαῖς
2417 2053 2530 2121 καὶ
2566 2056 2949 2141 καρυκείας

622 2164 946 2252 ἐρεθίζειν
990 2161 1213 2252 ὥσπερ
1256 2161 1338 2231 τὰ
1383 2166 1746 2251 ψωριῶντα
1789 2164 2107 2250 κνησμῶν
2152 2158 2257 2229 ἀεὶ
2304 2164 2575 2228 δεῖσθαι
2610 2159 2726 2226 καὶ
2768 2184 2945 2246 γαρ-

619 2272 980 2357 γαλισμῶν.
1087 2271 1191 2338 Ita
1262 2273 1444 2339 codd.
1529 2272 1834 2340 Inserunt
1904 2272 2042 2335 καί
2107 2273 2257 2335 ante
2330 2263 2582 2353 ὥσπερς
2663 2269 2941 2334 malim:

623 2378 921 2464 [were
966 2379 1069 2445 vel
1113 2373 1317 2461 ὥσθ’]
1364 2380 1703 2465 “menes
2554 2360 2559 2363 ’

807 2502 879 2569 C.
924 2504 966 2569 9
1013 2502 1102 2589 (p.
1154 2504 1280 2569 126
1307 2501 1373 2591 f)
1429 2504 1631 2568 immo
1688 2503 1886 2568 scrib:
1942 2496 2238 2588 μεγάλην
2284 2494 2726 2585 εὐδαιμονίαν
2778 2494 2942 2564 ἀπε-

624 2607 964 2694 βάλοΜΕΝ
1022 2631 1142 2693 pro
1196 2604 1659 2694 ἀπεβαλόμην,
1723 2609 1896 2695 quod
1952 2609 2242 2693 ineptum
2298 2612 2414 2675 est.
2504 2606 2709 2673 Paulo
2773 2606 2938 2692 post

628 2719 827 2782 recte:
872 2711 1078 2792 καλὰς
1123 2711 1201 2780 δὲ
1234 2711 1504 2800 πράξεις
1540 2713 1903 2800 ἐπιτερπεῖς
1938 2737 2009 2781 τε
2046 2710 2383 2799 διαγωγὰς
2418 2709 2935 2780 ἀπωλέσαΜΕΝ.

805 2855 874 2923 O.
926 2857 1004 2922 17
1056 2851 1147 2940 (p.
1198 2855 1325 2922 132
1351 2854 1424 2942 b)
1471 2878 1697 2922 versus
1744 2861 1883 2941 εἴης
1925 2878 2077 2941 μοι,
2132 2853 2401 2941 μέτριον
2448 2853 2527 2922 δέ
2572 2877 2717 2933 πως
2762 2859 2931 2938 εἴης,

624 2959 781 3050 μηδ’
832 2956 1238 3046 ἀπολείποις,
1282 2985 1478 3049 quam
1523 2964 1746 3029 multis
1793 2962 2181 3029 coniecturis
2228 2963 2634 3028 occasionem
2677 2960 2933 3028 dederit

625 3094 704 3138 ex
746 3070 959 3156 Wytt.
1006 3068 1329 3137 animadv.
1375 3073 1663 3156 apparet.
1753 3067 1871 3134 ‘Ut
1916 3068 1997 3134 δέ
2034 3090 2203 3151 πως,
2247 3068 2485 3154 inquit,
2531 3067 2931 3134 auctoritate

625 3177 940 3242 librorum
975 3177 1435 3264 revocavimus,
1470 3179 1568 3243 ita
1608 3177 1887 3264 μετρία
1922 3197 2233 3263 reponere
2267 3199 2401 3242 non
2438 3177 2696 3262 quidem
2734 3174 2927 3241 aude-

622 3307 768 3350 mus
814 3321 927 3370 -,
984 3287 1055 3350 at
1106 3285 1318 3350 verius
1371 3287 1592 3350 tamen
1644 3283 2032 3369 judicamus,
2121 3282 2590 3349 Valckenarius
2643 3319 2718 3330 -
2774 3302 2927 3348 con-

613 3391 775 3477 jecit
817 3397 958 3476 εἴης
999 3413 1115 3476 μοι
1149 3393 1384 3478 μετρία
1417 3389 1582 3470 θεὸς
1621 3392 1773 3474 αἰεί,
1802 3384 1990 3476 Μηδ’
2032 3383 2432 3466 ἀπολείποις.
2488 3389 2927 3474 MusgraviuS‚

624 3535 712 3546 --
769 3497 970 3564 edidit
1033 3504 1170 3583 εἴης
1223 3519 1340 3582 μοι
1398 3500 1630 3583 μετρία
1687 3491 2039 3582 [Κύπρις],
2104 3501 2275 3580 εἴης,
2328 3489 2487 3580 μηδ’
2539 3489 2928 3569 ἀπολείποις

627 3602 770 3670 etc?
855 3603 1013 3681 Quis
1067 3625 1292 3670 versus
1345 3604 1681 3689 Euripidis
1734 3603 2144 3689 respiciatur,
2197 3625 2257 3668 v.
2314 3601 2633 3687 addenda3
2696 3620 2921 3667 versus

621 3714 844 3777 tamen
886 3710 1308 3777 Plutarcheus
1363 3710 1565 3777 habet
1620 3710 1792 3798 quod
1857 3708 2155 3775 offendat.
2249 3706 2615 3794 Stephanus
2660 3707 2919 3774 Veneto

627 3818 1069 3884 consentiente
1114 3817 1291 3885 dedit
1334 3817 1555 3896 δέπας.
1628 3815 1841 3883 Ceteri
1888 3815 2075 3882 codd:
2120 3813 2202 3880 δέ
2232 3837 2389 3901 πως,
2435 3816 2608 3902 quod
2644 3815 2921 3882 editores

625 3925 1014 3992 recentiores
1051 3929 1446 4012 receperunt.
1501 3922 1732 4002 Δέπας
1767 3923 2114 3990 manifesto
2150 3923 2319 3990 falsa
2353 3923 2547 3989 lectio
2584 3927 2701 3989 est.
2747 3921 2918 3988 Num

627 4033 832 4100 altera
867 4032 1083 4098 bona?
1144 4031 1446 4098 Editores
1485 4031 1832 4097 verborum
1868 4036 2009 4116 εἴης
2039 4067 2115 4078 --
2150 4023 2536 4107 ἀπολείποις
2562 4030 2917 4115 subjectum

627 4140 884 4206 silentio
929 4141 1360 4226 praetereunt.
1449 4129 1658 4203 Estne
1705 4130 1933 4214 οἷνοςῖ
2006 4135 2131 4202 Sed
2177 4137 2235 4202 si
2277 4136 2401 4203 hoe
2449 4139 2577 4221 est,
2630 4157 2747 4202 cur
2787 4155 2916 4201 non

627 4247 790 4313 dixit
824 4244 1133 4333 μέτριοςῖ
1189 4245 1297 4311 An
1331 4244 1827 4331 intelligendum
1862 4247 1987 4310 est:
2033 4241 2305 4330 μέτριον
2335 4242 2417 4310 δέ
2436 4264 2577 4320 πως
2603 4238 2917 4329 (χρῆμαγὲ

628 4352 754 4419 Sed
790 4354 914 4420 hoc
952 4354 1149 4420 etiam
1186 4353 1464 4419 maxime
1501 4351 1714 4438 friget.
1785 4349 2120 4418 Duebneri
2156 4353 2436 4438 μετρίως
2472 4348 2553 4416 δέ
2582 4371 2723 4426 πως
2758 4345 2915 4414 nihil

627 4463 744 4528 est.
828 4459 996 4540 Quid
1042 4459 1286 4547 igitur?
1360 4458 1511 4526 Una
1554 4461 1745 4525 litera
1798 4461 2051 4526 mutata
2104 4458 2542 4524 scribendum:
2598 4463 2739 4542 εἴης
2791 4477 2917 4546 μοι,
