3200 5175
1300 406 1777 471 —147-

525 582 582 639 C.
622 590 691 638 36
729 601 782 653 p.
823 601 878 652 Ρ.
922 581 1075 637 314ἱ
1107 581 1516 637 emendandum
1555 581 1805 637 videtur:
1844 577 1907 637 έν
1944 582 2186 656 κυνηγίᾳ
2224 583 2349 652 (pro
2387 578 2481 638 ἐπὶ
2508 603 2680 654 κυνη-

380 676 496 750 γίᾳ)
535 671 756 729 ἀνεῖλε.
815 674 882 729 cf.
922 679 1025 728 311
1047 671 1094 728 f:
1134 668 1198 728 ἐν
1235 673 1549 746 κυνηγεσίῳ
1587 667 1905 729 ἀπέκτεινε.

525 763 582 820 C.
623 769 694 819 40
729 781 784 832 Ρ.
816 767 918 818 315
941 779 972 818 ο
1011 763 1279 833 suppleo:
1321 757 1518 833 [ἸΔοὸν
1558 757 1646 834 δ’]
1685 763 1849 824 ἼΔας
1879 794 1944 804 -
1974 761 2073 817 καὶ
2109 757 2370 833 ἁρπάσας
2406 757 2470 822 ἐκ
2508 763 2681 832 χοροῦ

385 851 615 922 ἔφυγεν.
682 851 751 908 of.
801 851 1162 922 parallelum:
1209 847 1483 920 Κάθητος
1520 844 1576 905 δ’
1620 846 1685 906 ἐκ
1722 852 1835 905 τῶν
1874 846 2161 922 ἐπισήμων
2200 850 2365 908 ἰὸὢν
2401 849 2505 923 τὴν
2541 871 2681 922 παρ-

380 939 562 998 θένον
601 973 670 982 -
708 935 948 1011 ἥρπασε.

524 1030 585 1086 Ρ.
625 1037 693 1086 86
737 1048 819 1085 ve.
861 1036 928 1084 10
963 1029 1134 1084 adde:
1193 1045 1238 1083 c,
1281 1035 1346 1082 12
1393 1047 1447 1098 p.
1487 1033 1667 1084 bose:
1725 1027 1822 1082 καὶ
1868 1025 2106 1099 μάλιστα
2152 1025 2285 1092 τούς
2329 1025 2683 1100 ἀπορρήτους

382 1119 482 1175 καὶ
529 1116 950 1190 κεκρυμμένους
997 1119 1110 1172 τῶν
1155 1114 1335 1187 λόγων
1384 1114 1704 1188 περιϊόντες
1740 1119 1837 1187 (sc.
1878 1115 1939 1173 οἴ
1970 1112 2291 1188 ἀδόλεσχοι)
2331 1114 2684 1188 ἐξιχνεύουσι

383 1209 481 1266 καὶ
525 1204 934 1279 ἀνερευνῶσιν,
982 1200 1204 1277 ὥσπερ
1243 1201 1409 1277 ὅλην
1447 1203 1752 1260 παλαιάν
1791 1226 1945 1261 τινα
1983 1210 2286 1278 φορτίων
2324 1209 2390 1280 τῇ
2431 1209 2681 1284 φλυαρία

381 1295 848 1370 παρατιθέμενοι.
917 1297 1131 1352 Locum
1183 1296 1590 1351 conclamatum
1632 1295 1894 1350 Reiskius
1930 1295 2142 1351 fatetur
2186 1296 2295 1352 sibi
2330 1313 2451 1353 esse
2487 1298 2682 1353 obseu-

381 1407 507 1444 rum
541 1405 645 1443 neo
681 1387 886 1458 probat
921 1387 1011 1442 tot
1038 1384 1246 1440 diversi
1275 1383 1494 1455 generis
1523 1383 1921 1440 similitudines
1948 1386 2344 1442 accumulatas.
2401 1386 2681 1442 Kaltwad-

384 1495 538 1533 serus
591 1477 904 1546 depravata
947 1475 1089 1530 haee
1141 1475 1356 1544 censet,
1418 1476 1478 1530 et
1521 1491 1623 1544 pro
1672 1470 1923 1529 παλαιάν
1961 1474 2204 1530 coniecit
2246 1472 2387 1530 νέαν
2432 1475 2524 1530 vel
2566 1475 2682 1530 tale

383 1567 536 1636 quid.
613 1565 903 1635 Wyttenb.
955 1580 1054 1635 pto
1107 1565 1356 1634 φορτίων
1406 1563 1631 1632 quaerit
1666 1580 1738 1618 an
1776 1564 2030 1634 φορυτοῦ
2068 1564 2161 1619 vel
2197 1567 2487 1636 φορυτῶν,
2539 1583 2682 1636 quae

386 1655 536 1724 apud
571 1653 938 1709 Plutarchum
974 1670 1141 1723 saepe
1181 1651 1608 1708 confunduntur.
1639 1683 1711 1693 —
1736 1653 1987 1708 Primum
2024 1654 2163 1723 quid
2190 1654 2468 1726 significet
2493 1656 2553 1710 in
2580 1656 2685 1712 tali

387 1759 445 1798 re
482 1737 587 1813 ὕλη
625 1740 840 1798 παλαιά
877 1760 1040 1798 nemo
1077 1742 1243 1798 facile
1281 1741 1506 1810 dixerit3
1561 1742 1762 1798 deinde
1799 1744 2141 1813 pronominis
2176 1765 2356 1816 τινα,
2402 1746 2552 1815 quod
2590 1762 2683 1802 ne-

386 1849 494 1902 que
541 1849 667 1886 oum
713 1825 855 1902 ὕλην
901 1828 1154 1886 παλαιάν
1201 1846 1382 1900 neque
1430 1849 1557 1886 oum
1593 1831 1871 1886 vocabulo
1908 1831 1968 1886 in
2005 1834 2253 1903 φορτίων
2290 1834 2504 1890 latente
2540 1836 2683 1891 bene

386 1923 756 1993 componitur,
794 1921 952 1977 nulla
985 1920 1130 1976 ratio
1167 1923 1427 1992 apparet3
1465 1936 1647 1990 neque
1678 1921 1986 1991 quidquam
2012 1922 2285 1978 adiuvant
2309 1922 2439 1992 loci,
2476 1925 2536 1978 in
2564 1924 2684 1995 qui·

383 2013 488 2066 bus
526 2011 724 2066 similis
761 2011 1106 2081 comparatio
1144 2010 1212 2066 fit
1248 2009 1316 2066 of.
1354 2029 1409 2080 Ρ.
1444 2016 1544 2065 132
1561 2027 1611 2066 a.
1652 2016 1757 2065 374
1775 2010 1813 2067 f.
1853 2017 1956 2066 391
1979 2028 2028 2066 a.
2068 2015 2173 2066 485
2192 2011 2246 2066 b.
2283 2012 2441 2067 Alex.
2474 2019 2525 2070 4.
2564 2012 2683 2069 Cat.

386 2100 520 2156 min.
559 2106 646 2154 22.
685 2102 746 2155 et
780 2101 1007 2170 passim.
1084 2099 1474 2170 Corruptelam
1517 2099 1630 2154 loci
1674 2100 1847 2169 paulo
1891 2099 2063 2154 latius
2100 2101 2391 2169 patentem
2428 2101 2507 2157 sio
2542 2102 2685 2157 mihi

386 2206 582 2262 videor
615 2221 899 2261 removere
934 2221 1124 2276 posse:
1163 2201 1351 2275 ὥσπερ
1388 2199 1532 2275 ὅλην
1559 2184 1865 2261 ΠΥΛΑΙἉΝ
1904 2202 2032 2261 τινα
2063 2207 2381 2277 φορυτῶν
2409 2209 2473 2280 τῇ
2506 2212 2683 2278 φλυα-

387 2295 481 2370 ρίᾳ
517 2292 971 2365 παρατιθέμενοι
1003 2294 1042 2349 i.
1081 2311 1129 2350 e.
1166 2295 1447 2350 colluviem
1481 2295 1763 2364 quandam
1798 2297 2223 2367 quisquiliarum
2254 2301 2534 2367 tamquam
2569 2315 2683 2353 ma-

387 2385 582 2439 teriam
624 2383 952 2454 yarrulitati
995 2388 1344 2454 apponentes,
1418 2383 1581 2439 Nunc
1627 2400 1898 2454 compone
1945 2384 2086 2440 mihi
2132 2402 2276 2455 quae
2326 2387 2395 2442 de
2431 2381 2584 2441 τινά
2622 2387 2683 2442 in

385 2490 440 2541 Ρ.
480 2477 584 2527 339
604 2488 636 2528 e
682 2471 964 2528 annotavi.
1037 2471 1208 2528 Vocis
1254 2474 1466 2528 πυλαία
1513 2489 1736 2528 sensum
1789 2473 1926 2529 satis
1976 2474 2269 2530 declarant
2303 2475 2493 2532 Artax.
2535 2482 2593 2530 1:
2632 2475 2689 2532 εἰ

386 2562 486 2617 καὶ
528 2552 702 2617 τάλλα
748 2558 953 2633 μύθων
1001 2557 1312 2619 ἀπιθάνων
1349 2562 1449 2618 καὶ
1482 2558 1839 2633 παραφόρων
1880 2559 2229 2639 ἐμβέβληκεν
2268 2563 2348 2629 εἰς
2384 2560 2453 2621 τά
2498 2565 2685 2640 βιβλία

386 2650 762 2723 παντοδαπὴν
800 2656 1116 2711 πυλαίαν.
1182 2673 1234 2724 Ρ.
1276 2658 1456 2708 9240:
1503 2649 1775 2708 τοιούτων
1814 2652 2010 2725 μέντοι
2046 2656 2145 2710 καὶ
2180 2651 2463 2710 τοσούτων
2501 2675 2684 2727 παρα-

387 2743 730 2812 δοξολογιῶν
768 2738 837 2798 οὗ
875 2737 953 2813 μά
985 2745 1099 2797 Δία
1135 2739 1344 2812 πήραν,
1381 2737 1520 2797 ἀλλὰ
1559 2744 1999 2812 θαυματοποιοῦ
2036 2764 2191 2807 τινος
2226 2742 2555 2817 ἀποσκευὴν
2584 2748 2683 2801 καὶ

386 2830 684 2885 πυλαίαν
723 2826 1248 2900 κατανωτισάμενοι
1280 2828 1379 2885 καὶ
1413 2827 1807 2900 παρέλκοντες.
1864 2830 1934 2889 of.
1972 2851 2025 2902 Ρ.
2056 2838 2160 2888 385
2180 2834 2244 2889 b:
2280 2834 2441 2889 ταυτὶ
2477 2832 2583 2905 μὲν
2618 2868 2681 2876 --

390 2914 454 2974 ἐκ
491 2920 732 2981 πίνακος
769 2918 868 2973 καὶ
903 2920 1160 2981 πυλαίας.
1233 2918 1431 2989 Pyrrh.
1469 2924 1564 2973 29:
1602 2920 1782 2973 ταῦτα
1822 2918 1926 2991 μέν
1966 2916 2083 2976 ἐστι
2121 2914 2400 2994 πυλαϊκῆς
2436 2918 2683 2994 ὀχλαγω-

389 3008 531 3075 γίας.
598 3008 657 3061 et
691 3006 870 3076 wytt.
909 3006 1186 3063 animadv.
1226 3006 1284 3061 in
1321 3025 1374 3076 Ρ.
1414 3012 1518 3062 239
1539 3024 1586 3076 o,
1625 3025 1734 3077 quo
1772 3008 1955 3064 iudice
1993 3010 2102 3064 huo
2137 3011 2385 3080 pertinet
2420 3012 2685 3082 Hesychii

389 3092 776 3165 Πυλαιαστάς,
814 3091 947 3159 τοὺς
971 3092 1222 3165 ψεύστας
1251 3098 1309 3151 et
1338 3096 1544 3152 Suidae
1571 3100 1635 3151 H
1640 3093 2123 3165 υλαιστάτους,
2160 3094 2293 3162 τοὺς
2321 3098 2499 3170 μηδὲν
2528 3097 2686 3173 ὑγιὲς

389 3180 527 3254 μήτε
582 3181 852 3253 λέγοντας
904 3180 1042 3255 μήτε
1090 3181 1470 3255 πράσσοντας,
1527 3185 1627 3240 ubi
1671 3187 1825 3241 recte
1872 3186 2133 3243 correxitt
2190 3186 2567 3253 Πυλαιαστάς.
2615 3224 2684 3232 -

387 3272 680 3329 Eiusmodi
714 3290 918 3329 nomen
954 3274 1134 3329 latere
1171 3274 1387 3330 conicio
1424 3275 1486 3329 in
1520 3293 1574 3345 p.
1609 3280 1713 3329 994
1732 3274 1793 3329 d:
1833 3270 1956 3330 εἶτα
1993 3276 2193 3346 παρεὶς
2218 3277 2384 3332 τοῦτο
2413 3278 2515 3332 τοῦ
2542 3275 2684 3348 πρά-

386 3381 602 3433 γματος
647 3356 788 3433 ὁρᾶν
834 3362 932 3418 καὶ
980 3368 1206 3433 μετρεῖν
1252 3358 1316 3418 τὸ
1365 3360 1667 3433 φύλαιον
1704 3362 1803 3418 καὶ
1839 3360 2157 3436 ἀγώνισμα,
2205 3366 2303 3420 ubi
2339 3363 2401 3421 τὸ
2440 3365 2683 3437 φύλαιον

389 3451 698 3521 corrigunt:
736 3446 998 3506 τοῦλαιον
1023 3473 1036 3506 :
1065 3447 1128 3507 τὸ
1159 3448 1474 3520 κεφάλαιον
1496 3473 1509 3506 z
1533 3452 1596 3506 εἴ
1614 3470 1669 3505 τι
1694 3452 1917 3521 φαῦλον
1948 3450 2064 3523 ἔχει
2092 3454 2155 3510 τὸ
2186 3448 2493 3526 ἀγώνισμα.
2541 3457 2685 3513 Mihi

388 3540 679 3611 probabile
724 3540 950 3596 videtur
998 3545 1292 3596 πυλαῖον
1338 3557 1440 3611 pro
1487 3536 1731 3610 φύλαιον
1770 3541 1968 3610 fuisse3
2018 3545 2209 3598 cetera
2254 3560 2386 3599 vero
2424 3544 2561 3600 satis
2597 3546 2683 3600 in-

389 3634 566 3697 certa-3
614 3630 879 3685 fortasse:
918 3636 1142 3700 μετρεῖν
1188 3630 1251 3684 εἴ
1275 3649 1331 3684 τι
1365 3633 1659 3684 πυλαῖον
1700 3626 1952 3701 [iambe
1991 3625 2344 3703 τάγώνισμα,
2379 3650 2515 3688 num
2548 3636 2685 3703 quid

388 3720 608 3774 triviale
642 3719 895 3775 habuerit
929 3719 1212 3776 contentio.
1413 3714 1423 3721 ’

533 3825 593 3882 Ρ.
633 3831 736 3881 690
755 3812 810 3880 1?
838 3824 900 3880 in
943 3826 1210 3881 lemmate
1246 3825 1625 3881 scribendum:
1674 3822 1736 3881 τὸ
1776 3816 2113 3897 φρεατιΑῙον
2153 3828 2278 3897 (pro
2316 3830 2682 3900 φρεατίΔΙον)

389 3908 560 3986 ὕδωρ,
597 3916 663 3969 ut
697 3916 848 3969 recte
883 3914 1092 3985 legitur
1128 3920 1233 3971 954
1252 3931 1298 3969 ο.

531 4001 593 4057 Ρ.
633 4003 785 4058 942f
815 4004 1142 4074 legendum:
1181 4001 1551 4074 κομισθέντες
1587 4000 1812 4062 αύτόΕΕ
1850 4008 1975 4077 (pro
2013 3999 2259 4076 αύτόΘΙ).
2317 4006 2385 4065 of.
2424 4026 2479 4077 Ρ.
2511 4013 2612 4063 667
2634 4024 2681 4063 o.

533 4090 716 4147 Multa
752 4092 893 4163 alia,
929 4110 1073 4163 quae
1109 4093 1340 4149 editoris
1376 4093 1545 4165 paulo
1583 4094 1899 4151 attentioris
1936 4097 2091 4165 sunt,
2126 4095 2371 4165 prudens
2408 4098 2467 4151 et
2504 4096 2683 4151 sciens

392 4197 575 4237 omisl.
