3200 5175
1269 329 1709 392 *69*-

338 497 673 570 Fortasse.
717 480 1202 593 ὑπΕΛΑ[σαντι,
1246 507 1348 571 vel
1391 500 1842 590 ὑποδύσαντι,
1889 504 2010 574 τὸν
2066 510 2376 595 σίδηρον·
2421 513 2639 599 πληγῇ

339 640 404 710 δ’
455 643 708 732 ὑπέρου
764 642 878 731 ην]
926 649 1150 732 ΕΛΑβε
1203 643 1368 713 κατὰ
1410 649 1535 714 τοῦ
1591 643 1899 733 αὖχένος;
1965 652 2069 716 vel
2124 653 2261 717 sine
2306 653 2515 737 ἔλαβε
2568 654 2637 719 111

337 789 508 854 hune
545 791 834 856 modum:
872 785 1361 872 ΥΠΕΛάσα[ντι
1415 785 1538 856 τὸν
1583 793 1889 877 σίδηρον,
1937 795 2242 860 ΥΠΕΡου
2280 792 2381 882 δ]ὲ
2417 798 2637 884 πληγῇ

333 891 500 962 κατὰ
547 897 670 961 τοῦ
717 891 1016 982 αὐχένος.

515 1019 586 1088 C.
633 1022 674 1086 9
723 1018 813 1108 (p.
859 1023 992 1089 340
1019 1021 1112 1110 f):
1161 1026 1222 1090 εί
1272 1018 1398 1110 γὰρ
1447 1011 1534 1109 ἦν
1588 1019 1679 1101 ὥς
1730 1019 1897 1111 πρὸς
1941 1019 2311 1112 ανθρωπον
2358 1020 2636 1111 ἀγαγεῖν

331 1131 715 1214 παρρησίαν
759 1123 926 1216 ὑπέρ
967 1124 1408 1216 Ἀλεξάνδρου
1451 1125 1618 1213 πρὸς
1661 1125 1788 1216 τήν
1832 1127 2061 1216 τύχην,
2107 1126 2249 1198 οὐκ
2293 1125 2390 1198 ἂν
2434 1127 2633 1218 εἶπε,

334 1237 490 1301 Ποῦ
534 1231 624 1300 σὺ
667 1233 780 1300 καὶ
833 1231 993 1302 πότε
1037 1241 1182 1314 ταῖς
1240 1232 1683 1324 Ἀλεξάνδρου
1735 1233 2056 1323 πράξεσιν
2122 1232 2290 1305 ὁδὸν
2353 1240 2632 1323 ἔδωκας;

331 1342 542 1410 Locus
600 1365 794 1410 sanus
851 1342 966 1408 sed
1022 1344 1191 1408 male
1245 1344 1633 1410 intellectus.
1727 1343 1936 1430 Wytt.
1992 1347 2361 1413 annotavit:
2419 1346 2632 1414 ‘Vosa

333 1449 616 1516 Gronov.
665 1445 877 1527 οὕτως
921 1441 1009 1515 ἄν
1055 1444 1222 1515 εἶπες
1277 1450 1473 1516 iidem
1527 1450 1598 1534 in
1656 1451 1950 1536 margine
2006 1451 2273 1538 quisque
2334 1475 2450 1520 suo
2508 1450 2632 1520 οὐκ

329 1548 418 1621 ἂν
492 1561 690 1634 εἴπω;
753 1560 1154 1640 postremum
1230 1579 1387 1642 prae
1462 1558 1671 1623 altero
1726 1556 1989 1642 placet?
2083 1556 2628 1644 Interpretantur:

329 1662 504 1749 quod
551 1663 609 1728 si
654 1663 856 1729 libero
915 1686 1024 1729 ore
1063 1663 1370 1729 adversus
1416 1663 1774 1731 Fortunam
1811 1667 2125 1751 tanquam
2148 1668 2392 1750 ,eontra
2424 1667 2627 1733 homi-

325 1793 479 1834 nem
523 1770 706 1857 loqui
760 1771 1010 1854 liceret,
1065 1771 1360 1857 equidem
1403 1791 1541 1835 eam
1595 1773 1685 1836 sic
1738 1772 2163 1854 compellarem
2205 1769 2320 1859 (=--
2370 1767 2495 1838 οὐκ
2541 1767 2628 1841 ἂν

327 1881 510 1961 εἴπω,
554 1876 654 1940 vel
699 1875 919 1960 potius
969 1871 1093 1941 οὐκ
1149 1868 1236 1942 ἂν
1282 1871 1519 1964 εἶπον).
1593 1875 2003 1944 Duebnerus:
2062 1877 2299 1946 ‘nonne
2349 1901 2491 1946 eam
2536 1883 2628 1948 sie

328 1981 769 2068 compellaret?
810 1980 984 2068 (quis
996 1979 1080 2071 ‘?).
1160 1982 1389 2069 Patzig
1433 1983 1737 2054 coniecit.
1782 1978 1905 2048 οὐκ
1950 2008 2038 2048 αν
2082 1978 2273 2062 εἶπες.
2312 2023 2397 2034 -
2444 1986 2626 2053 Nihil

323 2113 568 2156 verum.
645 2093 1003 2216 Παρρησία
1049 2090 1155 2156 hio
1199 2090 1717 2174 personifieatur‚
1754 2091 1933 2156 velut
1970 2091 2165 2157 etiam
2210 2087 2405 2177 Τύχη.
2465 2092 2624 2158 Ver-

325 2196 428 2262 his
475 2195 678 2282 igitur
705 2190 828 2262 οὐκ
873 2221 960 2262 αν
989 2190 1128 2260 εἶπε
1176 2196 1534 2261 subiectum
1564 2201 1666 2261 est
1700 2190 1743 2280 ἡ
1774 2199 2131 2283 Παρρησία
2169 2198 2231 2262 11.
2261 2220 2313 2266 e.
2351 2200 2522 2286 quod
2568 2201 2625 2265 si

323 2303 737 2369 Parrhesiam
775 2303 857 2368 ad
903 2301 1258 2368 Fortunam
1304 2305 1640 2387 tamquam
1686 2303 1767 2368 ad
1812 2303 2169 2388 hominem,
2225 2309 2300 2370 ut
2346 2304 2621 2370 Alexan-

325 2411 514 2476 drum
571 2409 970 2495 defenderet,
1015 2409 1241 2474 ducere
1288 2409 1534 2496 liceret,
1597 2432 1813 2476 nonne
1880 2410 1997 2475 illa
2058 2411 2228 2476 hane
2292 2412 2385 2477 sie
2449 2435 2621 2479 eom·
2706 2497 2713 2504 ῃ

319 2517 639 2603 pellaret‘?

499 2642 606 2709 De
654 2642 894 2724 gloria
935 2642 1487 2711 Atheniensium
1535 2666 1585 2709 c„
1635 2645 1676 2709 3
1724 2642 1817 2731 (p.
1862 2645 1992 2709 347
2024 2643 2122 2730 b):
2178 2639 2215 2710 ὁ
2263 2640 2391 2730 γὰρ
2444 2640 2622 2741 παρὰ

320 2745 448 2835 τὴν
501 2748 742 2835 ῥαχίαν
795 2744 1000 2833 αὐτῆς
1060 2751 1178 2835 τῆς
1241 2746 1481 2817 Πύλου
1524 2746 1963 2836 παρατάττων
2015 2746 2173 2827 τοὺς
2220 2746 2623 2834 ΗΑθηναιους

321 2855 808 2943 Δημοσθένης,
866 2855 980 2921 καὶ
1043 2851 1079 2922 ὁ
1134 2852 1258 2923 τὸν
1319 2851 1740 2942 κυβερνήτην
1802 2854 2217 2941 ἐπισπέρχων
2280 2858 2622 2942 Βρασίδας

319 2961 694 3043 ἐξοκέλλειν
731 3002 813 3011 ——
857 3001 959 3029 —.
1013 2961 1126 3029 καὶ
1163 2965 1235 3029 οἱ
1272 2964 1797 3048 πεζομαχοῦντες
1830 2958 1956 3048 μὲν
2004 2961 2075 3029 ἐκ
2110 2958 2446 3047 θαλάττης
2486 2968 2617 3030 Λα-

317 3068 771 3155 κεδαιμόνιοι,
816 3072 1317 3155 ναυμαχοῦντες
1369 3064 1434 3135 δ’
1485 3065 1615 3136 ἀπὸ
1671 3070 1794 3153 γῆς
1833 3062 2211 3154 Ἀθηναῖοι·
2258 3067 2368 3137 καὶ
2414 3066 2619 3137 πάλιν

320 3176 356 3243 ὁ
403 3176 480 3242 ἐν
524 3188 665 3254 τοϊς
701 3180 1077 3254 Σικελικοῖς
1113 3175 1185 3242 ἐκ
1229 3177 1345 3260 τῆς
1389 3176 1510 3261 γῆς
1554 3171 1744 3255 πεζὸς
1780 3170 2200 3262 ἀμφοτέρων,
2248 3173 2617 3264 ἰσορρόπου

315 3284 435 3369 τῆς
468 3286 842 3369 ναυμαχίας
875 3286 1382 3368 καθεστηκυίας,
1410 3279 1703 3349 ἄλαστον
1740 3276 1970 3366 ἀγῶνα
1995 3280 2107 3349 καὶ
2144 3280 2464 3361 σύνταξιν
2499 3285 2617 3369 τῆς
2711 3366 2717 3373 ,

317 3390 589 3477 γνώμης
635 3393 806 3475 ἔχων
850 3385 964 3456 διὰ
1006 3385 1124 3467 τὰς
1167 3386 1532 3473 συντάξεις,
1578 3383 1671 3466 ὥς
1715 3386 1987 3473 συνεχὲς
2020 3389 2137 3474 τῆς
2182 3383 2460 3474 ἁμίλλης
2504 3387 2614 3455 καὶ

314 3509 459 3575 τοῖς
495 3494 800 3583 σώμασιν
843 3490 1072 3573 αὐτοῖς
1119 3502 1230 3562 ἴσα
1266 3496 1347 3582 τῇ
1383 3492 1548 3583 δόξῃ
1584 3494 1908 3581 περιδεῶς
1949 3494 2309 3581 συμπνέων
2351 3496 2433 3582 τῇ
2472 3496 2613 3561 δια-

314 3604 508 3671 θέσει
552 3602 663 3670 καὶ
698 3605 778 3691 τῇ
825 3599 1228 3671 διατυπώσει
1274 3602 1413 3669 τῶν
1456 3599 1836 3687 γινομένων
1879 3602 2211 3687 γραφικῆς
2253 3600 2615 3688 ἐναργείας.

315 3712 530 3778 Loeue
564 3711 1092 3797 corruptissimus
1131 3706 1642 3794 Wy'ttenbaehio
1680 3710 1775 3775 ita
1812 3709 2063 3775 videtur
2099 3710 2613 3777 constituendus:

313 3817 429 3885 καὶ
471 3815 676 3885 πάλιν
723 3812 785 3883 ὁ-
809 3817 885 3884 ἐν
927 3828 1068 3894 τοῖς
1113 3822 1194 3882 Σ.
1245 3854 1321 3865 -
1380 3854 1452 3863 -—
1505 3812 1804 3883 ἄλαστον
1849 3810 2079 3901 ἀγῶνα
2130 3812 2241 3881 καὶ
2288 3812 2613 3882 σύντασιν

315 3924 449 4011 (vel
494 3928 568 3991 ut
613 3924 812 3990 Thue.
851 3920 1197 4011 ξύστασιν)
1241 3960 1316 3971 --
1368 3925 1539 4007 ἔχων
1585 3918 1701 3989 διὰ
1742 3917 1817 3989 τὸ
1856 3919 2130 4007 συνεχὲς
2172 3923 2289 4006 τῆς
2332 3915 2613 4006 ἁμίλλης

317 4038 430 4097 ἶσα
465 4031 546 4118 τῇ
583 4026 746 4117 δόξῃ
781 4031 1104 4117 περιδεῶς
1137 4030 1585 4116 συμπνέοντες
1612 4029 1746 4116 (vel
1782 4025 2354 4105 συναπονεύοντες
2413 4065 2487 4075 --
2528 4064 2604 4075 --

315 4138 664 4226 ἐναργείας
716 4136 988 4222 ἐφίεται.
1068 4136 1462 4224 Madvigius:
1520 4132 1659 4204 εδιὰ
1713 4132 1788 4202 τὸ
1844 4131 2151 4220 ἀκρίτως.
2182 4131 2445 4221 ξυνεχὲς
2492 4135 2611 4219 τῆς

313 4240 596 4331 ἁμίλλης
654 4282 734 4293 --
791 4246 1112 4331 περιδεῶς
1173 4239 1661 4311 συναπονεύων
1722 4280 1799 4291 --
1864 4271 1969 4293 -·
2011 4265 2207 4326 γραφ.
2276 4239 2611 4325 ἐνεργείας

315 4351 516 4419 ἐστίν.
587 4351 796 4419 Locus
842 4348 1164 4438 'Phuede
1193 4374 1322 4437 quo
1366 4351 1735 4436 respicitur,
1781 4353 1881 4417 est
1924 4349 2078 4436 VII,
2128 4351 2228 4415 71.
2314 4347 2606 4415 Praeter-

315 4482 510 4544 quam
574 4459 749 4545 quod
809 4458 1110 4525 Reiskius
1174 4462 1350 4524 reete
1413 4455 1733 4535 σύνταξιν
1795 4457 1865 4523 in
1926 4452 2251 4523 σύντασιν
2314 4457 2609 4541 mutavit,
