3200 5175
1252 347 1330 360 —-
1432 313 1739 378 123-

345 490 585 554 τοίνυν
631 486 778 575 (pro
827 484 922 555 οὐ
964 488 1298 578 τοίνυν),
1342 491 1472 556 nisi
1507 491 1679 577 quod
1725 495 1877 576 post
1918 479 2097 576 ἦπου
2134 528 2216 541 —-
2254 531 2342 540 —
2390 488 2648 580 ἁπάσης

345 595 880 681 interrogationis
929 599 1120 684 signa
1166 597 1460 664 addenda
1504 601 1710 663 erant.

528 699 598 767 O.
645 703 688 770 5
735 702 824 790 (p.
871 705 998 772 801
1033 703 1096 792 ο)
1153 705 1435 790 corrigo:
1487 701 1599 769 καὶ
1653 699 1781 788 γὰρ
1836 700 1876 770 ὅ
1933 706 2070 787 [Τε]
2127 702 2387 790 Τρόπος
2440 706 2551 774 καὶ
2606 704 2643 774 ὁ

345 806 563 892 λόγος.
644 810 724 875 In
768 812 1082 895 proximis
1131 812 1566 896 supplendum
1620 807 1718 889 ῶςΑ
1766 808 1889 878 τὸν
1942 811 2360 898 κυβερνήτην
2417 810 2647 898 ἄγειν

349 916 509 998 [δεῖ]
556 911 632 983 τὸ
677 922 918 984 πλοῖον
963 915 1060 1001 κε’,
1105 922 1180 983 ut
1225 918 1434 983 oratio
1482 920 1647 984 bene
1694 919 2020 1003 procedat.

528 1022 594 1089 O.
648 1025 725 1089 11
777 1023 868 1112 (p.
909 1025 1039 1092 805
1066 1022 1159 1113 f):
1207 1023 1318 1090 καὶ
1357 1022 1759 1111 Λύσανδρος
1799 1020 2223 1110 Ἀγησίλαον·
2262 1023 2409 1098 ἀλλ’
2452 1019 2647 1108 οὗτος

346 1127 472 1214 μὲν
516 1134 896 1216 φιλοτιμίας
931 1127 1217 1218 ἀκαίρου
1259 1131 1371 1198 καὶ
1412 1137 1807 1218 ζηλοτυπίας
1853 1131 2096 1213 δόξαν
2134 1130 2417 1222 ὑβρίσας
2452 1130 2643 1225 ἀπέρ-

348 1248 504 1322 ριψε
548 1232 716 1322 ταχὺ
758 1233 880 1304 τὸν
914 1236 1350 1325 καθηγεμόνα
1395 1241 1532 1306 τῶν
1571 1241 1933 1326 πρακτέων.
2009 1241 2307 1308 Reiskius
2347 1246 2647 1310 coniecit:

350 1342 512 1432 δόξῃ
561 1344 925 1431 ἐξυβρίσας.
1006 1348 1212 1433 Wytt.
1253 1343 1454 1426 δόξας
1497 1342 1842 1433 ὑβρίσθαι.
1924 1347 2021 1413 De
2067 1371 2137 1415 re
2174 1350 2396 1416 eadem
2435 1373 2645 1416 sermo

349 1456 451 1517 est
507 1453 576 1516 in
638 1451 917 1538 Lysand.
981 1452 1060 1539 (ο.
1106 1455 1219 1518 23:
1265 1449 1340 1519 τὸ
1401 1450 1476 1518 δὲ
1535 1491 1614 1500 --
1672 1458 2160 1538 προπηλακίσαι
2223 1451 2351 1521 διὰ
2412 1456 2648 1535 δόξαν

346 1555 701 1645 εὐεργέτην
755 1555 974 1644 ἄνδρα
1030 1558 1142 1624 καὶ
1197 1563 1401 1644 φίλον
1457 1554 1580 1626 οὐκ
1625 1551 1713 1644 ἦν
1769 1556 1959 1639 ἄξιον
2003 1561 2167 1649 κτλ.)
2224 1567 2289 1628 et
2343 1563 2537 1650 AgeS.
2588 1566 2645 1628 7.

353 1689 518 1752 quae
566 1667 969 1751 comparanti
1015 1667 1423 1734 scribendum
1475 1691 1617 1734 esse
1672 1668 1833 1733 mihi
1889 1670 2311 1753 persuadetur
2355 1673 2425 1736 in
2472 1671 2645 1737 hune

345 1775 638 1838 modum:
686 1766 831 1839 ἀλλ’
885 1761 1080 1851 οὗτος
1122 1771 1249 1859 μὲν
1296 1769 1480 1858 [ὑπὸ]
1530 1778 1913 1860 φιλοτιμίας
1963 1814 2036 1824 -
2088 1775 2199 1842 καὶ
2255 1781 2647 1862 ζηλοτυπίας

348 1875 543 1962 [Διά]
591 1877 842 1961 Δόξαν.

527 1986 596 2053 G.
648 1989 729 2054 18
787 1987 877 2074 (p.
925 1990 1056 2055 814
1085 1988 1145 2077 e)
1205 1990 1615 2056 scribendum
1680 1994 1864 2076 puto:
1921 1989 2032 2055 καὶ
2092 1987 2351 2076 καρπὸν
2407 1988 2647 2079 (τ)οὺς

349 2094 495 2179 (pro
544 2089 668 2160 οὐκ
705 2125 789 2148 =
829 2096 1041 2181 ΟΥΙΕ)
1088 2095 1160 2162 ἐκ
1195 2100 1423 2178 φιλίας
1457 2091 1861 2182 ἡγεμονικῆς
1906 2095 2461 2182 λαμβάνοντας
2498 2096 2643 2185 (pro

347 2198 862 2289 λαμβάνοντες),
923 2193 1074 2268 οἷον
1138 2205 1330 2287 ἔλαβε
1377 2200 1724 2287 Πολύβιος
1774 2202 1885 2270 καὶ
1949 2207 2318 2281 Παναίτιος
2379 2206 2459 2291 τῇ
2524 2210 2645 2270 Σκ.

349 2304 584 2396 εὐνοίᾳ
642 2304 809 2390 πρὸς
863 2305 1108 2386 αὐτοὺς
1170 2307 1423 2395 μεγάλα
1474 2307 1592 2388 τὰς
1644 2312 1967 2396 πατρίδας
2028 2306 2490 2395 ὠφελήσαντες
2553 2314 2647 2390 εἰς

351 2411 812 2501 εὐδαιμονίαν,
833 2415 1307 2502 ἐξενέγκασθαι
1325 2415 1551 2484 καλόν.
1589 2417 1942 2503 Xylander,
1961 2417 2282 2503 Reiskius,
2309 2415 2645 2502 Wyttenb.

351 2524 571 2589 delent
635 2518 759 2589 οὐκ
827 2528 980 2609 post
1041 2522 1319 2609 καρπόν.
1408 2525 1621 2611 Wytt.
1688 2526 1781 2591 ita
1843 2526 2059 2594 locum
2122 2525 2644 2593 constituendum

351 2635 602 2697 monet:
647 2628 758 2697 καὶ
794 2626 1054 2717 καρπὸν
1093 2631 1162 2699 ἐκ
1210 2636 1436 2717 φιλίας
1481 2628 1671 2718 ἡγεμ.
1707 2630 2227 2718 λαμβάνοντας,
2265 2624 2415 2699 οἷον
2448 2670 2525 2680 -
2561 2670 2638 2680 -

351 2739 446 2815 είς
493 2738 825 2823 δημοσίαν
871 2731 1312 2823 εὐδαιμονίαν
1357 2738 1827 2823 ἐξενέγκασθαι
1876 2736 2101 2805 καλόν.

530 2842 600 2911 O.
645 2846 734 2910 24
779 2842 868 2930 (p.
917 2845 1046 2910 818
1077 2843 1172 2932 a.):
1231 2840 1267 2911 ὁ
1315 2841 1442 2932 γὰρ
1501 2845 1652 2932 περὶ
1711 2842 1927 2913 πάντα
1980 2850 2135 2913 λίαν
2194 2842 2472 2933 ἀκριβὴς
2533 2846 2645 2913 καὶ

353 2948 652 3037 σφοδρὸς
702 2988 777 2998 -·
830 2987 914 2997 -
961 2947 1526 3037 ἀντιφιλονεικεῖν
1578 2950 1701 3019 τὸν
1757 2954 1976 3039 δῆμον
2032 2949 2211 3044 αὐτῷ
2275 2953 2387 3020 καὶ
2441 2972 2644 3042 προσ-

353 3059 822 3124 δυσκολαίνειν
867 3057 1090 3145 ἐθίζει,

529 3160 848 3250 Μικρὸν
895 3162 978 3231 δὲ
1022 3162 1270 3244 ποδὸς
1313 3163 1595 3252 χαλάσαι
1640 3165 1892 3255 μεγάλῃ
1939 3165 2231 3253 κύματος
2274 3163 2459 3254 ἀλκῇ.

354 3273 716 3359 Madvigius
775 3273 1179 3339 intercidisse
1231 3278 1470 3359 putans
1524 3279 1680 3361 post
1724 3271 2007 3361 μικρὸν
2064 3274 2154 3339 δέ
2204 3276 2495 3360 verbum,
2548 3277 2645 3343 in—

353 3382 510 3446 serit
556 3381 702 3445 δεῖε
755 3375 1024 3463 Μικρὸν
1071 3377 1154 3445 δὲ
1201 3382 1284 3446 δε
1297 3392 1339 3447 ῐ.
1419 3380 1603 3447 Nihil
1650 3404 1841 3466 opus3
1888 3381 2324 3449 scribendum:
2372 3377 2646 3468 Μικρὸν

352 3488 542 3555 δέον
588 3485 703 3573 (π
743 3485 844 3575 δέ)
887 3482 1096 3563 ποδὸς
1141 3493 1303 3571 χαλ.,
1350 3488 1521 3573 quod
1565 3492 1633 3554 et
1680 3489 2037 3575 elegantius
2088 3491 2155 3554 et
2199 3509 2419 3553 verum
2466 3493 2582 3555 est.

532 3592 600 3660 C.
649 3595 734 3661 32
783 3592 873 3680 (p.
923 3594 1053 3659 824
1082 3592 1171 3681 e):
1220 3596 1460 3661 ἔπειτα
1494 3593 1606 3662 καὶ
1652 3592 1811 3661 καθ’
1872 3594 1991 3661 ἕνα
2044 3592 2155 3661 καὶ
2208 3596 2402 3682 κοινῇ
2459 3592 2641 3663 διδά-

351 3719 598 3768 σκοντα
643 3699 753 3767 καὶ
800 3701 1137 3786 φράζοντα
1181 3699 1308 3786 τὴν
1352 3702 1487 3767 τῶν
1526 3698 1936 3786 Ἑλληνικῶν
1990 3697 2397 3787 πραγμάτων
2448 3696 2645 3769 ἀσθέ-

353 3833 563 3893 νειαν,
610 3797 700 3894 ἧς
746 3807 1268 3875 ἐναπολαῦσαι
1313 3804 1593 3893 ἄμεινόν
1644 3808 1780 3875 ἐστι
1826 3820 1966 3887 τοῖς
2012 3797 2085 3874 εὖ
2132 3809 2489 3895 φρονοῦσι,
2534 3809 2646 3876 καὶ

352 3910 508 4002 μεθ’
567 3911 847 4002 ἡσυχίας
905 3914 1016 3983 καὶ
1081 3910 1402 4002 ὁμονοίας
1464 3916 1890 3999 καταβιῶναι.
1983 3916 2284 3982 Reiskius
2346 3917 2647 3982 coniecit:

353 4013 432 4109 ἧς
483 4018 860 4090 ἀπολαῦσαι
916 4025 1018 4089 vel
1070 4012 1114 4110 ᾖ
1170 4024 1639 4090 ἐναπολαῦσαι.
1721 4023 1953 4089 Melius
2004 4023 2393 4109 Madvigius:
2447 4012 2527 4110 ἦς
2572 4024 2647 4089 ἓν

351 4127 730 4197 ἀπολαῦσαι
745 4179 765 4214 ,
810 4152 885 4197 ex
927 4153 1054 4215 qua
1105 4153 1304 4198 unum
1355 4132 1572 4197 saltem
1622 4132 1898 4212 frucmm
1954 4152 2181 4213 capere.
2266 4128 2391 4197 Sed
2444 4153 2525 4196 ne
2580 4131 2647 4197 id

357 4238 614 4323 quidem
681 4239 841 4304 natis
901 4243 1026 4323 θεὸς
1091 4240 1171 4303 ad
1236 4239 1594 4304 sententiae
1660 4238 1835 4303 enim
1895 4238 2338 4323 integritatem
2402 4238 2644 4324 aliquid

355 4346 776 4430 desideratur,
823 4367 951 4430 quo
1000 4345 1152 4431 quid
1195 4345 1321 4411 hoc
1367 4343 1407 4409 ἕ
1408 4368 1451 4409 ν
1497 4345 1582 4409 sit
1630 4344 1988 4410 definiatur.
2070 4345 2207 4410 Aut
2250 4345 2452 4430 igitur
2496 4349 2647 4411 ante

355 4445 531 4537 μεθ’
583 4450 924 4524 delendum
967 4455 1104 4535 καί,
1147 4455 1221 4517 ut
1264 4447 1438 4536 μεθ’
1490 4446 1604 4536 ἡσ.
1656 4488 1733 4499 -—-
1779 4453 2271 4535 καταβιῶναι
2324 4453 2645 4539 appositio
