3200 5175
1218 331 1658 396 ..81-

471 507 540 574 C.
585 509 662 574 11
715 506 804 594 (p.
843 508 972 574 459
1002 508 1092 592 f):
1138 509 1200 572 εἰ
1240 504 1406 593 ταχὺ
1449 503 1694 573 παθῶν
1742 501 1863 573 ἀεὶ
1909 518 2281 593 φανεῖται
2318 503 2407 591 μὴ
2445 500 2585 571 ἀδι-

294 615 446 680 κῶν.
527 613 896 700 Madvigius
941 615 1305 700 proposuit:
1359 610 1600 680 παθῶν
1658 607 2131 699 ἀναφανεῖται,
2187 614 2328 678 coll.
2386 635 2435 677 c.
2489 614 2586 678 16.

293 722 436 806 Ego
483 721 707 787 malim
753 717 892 788 εἶτα
938 733 1266 806 φανεῖται.

469 826 540 894 G.
596 830 674 894 13
724 827 816 915 (p.
863 829 989 893 461
1022 825 1094 914 b)
1140 850 1364 894 versus
1413 829 1671 894 comici:

562 930 598 1000 ὃ
649 929 712 1000 δ’
764 928 907 1000 οὔτ’
958 933 1129 1018 ἄγαν
1177 927 1504 1018 ὀπτοῖσιν,
1549 929 1709 1001 οὔθ’
1761 933 2002 1020 ἑφθοῖς
2046 931 2241 1019 ἄγαν,

563 1035 720 1107 οὔθ’
771 1030 971 1126 ἦττον
1019 1036 1174 1106 οὔτε
1218 1041 1475 1125 μᾶλλον
1524 1037 1677 1109 οὔτε
1725 1038 1837 1108 διὰ
1882 1040 2091 1126 μέσου

559 1143 994 1236 ἠρτυμένοισι
1038 1151 1292 1234 χαίρων
1341 1143 1498 1214 ὥστ’
1551 1147 1920 1215 ἐπαινέσαι·

298 1257 464 1322 male
511 1257 833 1322 intellexit
876 1255 1266 1342 Madvigius.
1343 1255 1529 1340 ,‘Qui‚
1573 1257 1814 1341 inquit,
1868 1278 2075 1340 neque
2121 1256 2336 1321 minus
2380 1278 2588 1342 neque

297 1362 488 1426 nimis
547 1383 759 1447 neque
805 1361 1212 1428 mediocriter
1257 1362 1519 1428 condita
1563 1363 1733 1447 vult,
1780 1363 1996 1446 qualia
2042 1362 2227 1427 vult?
2294 1360 2589 1428 Scriben-

299 1469 475 1535 dum:
525 1463 688 1536 οὔθ’
741 1458 941 1554 ἦττον
989 1465 1143 1536 οὔτε
1188 1469 1464 1554 μᾶλλον,
1513 1463 1679 1534 ἀλλὰ
1727 1464 1840 1534 διὰ
1874 1468 2125 1554 μέσου’.
2187 1469 2372 1536 Nihil
2410 1492 2590 1555 opus,

294 1575 622 1660 Apodosis
669 1576 1012 1641 verborum
1059 1569 1096 1640 ὁ
1147 1569 1210 1639 δ’
1265 1567 1406 1640 οὔτ’
1458 1569 1631 1657 ἄγαν
1669 1612 1759 1624 -
1802 1578 2055 1660 χαίρων
2104 1573 2194 1661 (h.
2240 1598 2295 1640 e.
2350 1571 2386 1641 ὁ
2435 1571 2585 1641 οὐδ’

295 1675 637 1772 ὁποιῳοῦν
696 1677 994 1766 βρώματι
1048 1679 1330 1768 χαίρων)
1391 1684 1515 1746 est:
1585 1683 1833 1747 ἔλαθεν
1891 1720 1973 1730 -—-
2032 1676 2592 1767 ἀπεργασάμενος.

303 1788 475 1866 Quae
533 1790 876 1854 interiecta
931 1792 1107 1854 sunt:
1162 1784 1391 1873 χιόνος
1446 1785 1520 1854 δὲ
1574 1783 1665 1873 μὴ
1718 1785 2060 1874 παρούσης
2119 1785 2243 1855 οὐκ
2288 1782 2374 1854 ἀν
2418 1786 2591 1855 πιῶν

300 1933 380 1942 -
431 1935 510 1944 -
563 1934 652 1943 -
699 1891 1312 1981 προσκρουσμάτων
1357 1897 1657 1980 πολλῶν,
1715 1898 1795 1961 iis
1852 1919 2074 1962 versus
2121 1898 2347 1963 comici
2394 1898 2594 1963 conti-

299 2008 585 2070 nuantur
645 2003 772 2088 ita,
835 2007 911 2068 ut
961 2007 1114 2088 post
1171 2001 1512 2069 ἐπαινέσαι
1570 2004 1782 2068 lenius
1840 2004 2426 2089 interpungendum
2489 2004 2593 2070 sit.
2671 1998 2675 2002 ’

298 2108 712 2177 Constructio
761 2110 987 2196 igitur:
1033 2104 1070 2176 ὁ
1111 2106 1186 2174 δὲ
1221 2147 1293 2158 --
1327 2113 1582 2196 χαίρων
1618 2147 1722 2193 -,
1767 2106 1995 2195 χιόνος
2032 2107 2105 2176 δὲ
2143 2107 2231 2196 μὴ
2272 2133 2421 2196 παρ.
2469 2105 2593 2176 οὐκ

296 2209 377 2282 ἀν
434 2214 614 2283 πιῶν
668 2253 741 2264 -·
796 2236 907 2264 —·
973 2211 1249 2300 ῥάβδοις
1303 2212 1378 2280 δὲ
1430 2253 1504 2262 -
1558 2213 1974 2301 ἐπιταχύνων
2026 2255 2113 2262 -—
2157 2254 2244 2263 —
2298 2218 2593 2283 πολλῶντ

295 2325 534 2393 ἔλαθεν
591 2362 667 2371 -
718 2319 1278 2407 ἀπεργασάμενος.

466 2430 576 2497 De
625 2429 848 2496 animi
894 2429 1436 2511 tranquillitate
1474 2452 1525 2496 c.
1568 2432 1601 2494 1
1644 2429 1732 2514 (p.
1770 2431 1903 2496 465
1914 2430 1979 2516 a)
2026 2426 2243 2496 πόθεν
2279 2455 2354 2515 γε
2393 2427 2477 2516 δὴ
2511 2469 2587 2479 —-

299 2532 557 2622 ὄφελος,
607 2531 694 2604 ἄν
740 2533 831 2624 μὴ
877 2532 951 2603 τὸ
997 2533 1345 2623 χριόμενον
1393 2530 1789 2624 εὐχάριστον
1833 2525 1875 2624 ᾖ
1920 2548 2060 2615 τοῖς
2104 2539 2327 2623 ἔχουσι
2368 2537 2480 2605 καὶ
2517 2536 2589 2606 τὸ

297 2644 426 2709 τῶν
498 2641 817 2712 ἀπόντων
881 2640 971 2729 μὴ
1037 2640 1362 2728 δεόμενον
1428 2638 1530 2709 ἀεὶ
1593 2646 2106 2731 παρακολουθῇ;
2171 2644 2592 2714 Scribendum

301 2753 529 2818 nonuit
545 2751 942 2838 Madvigius:
971 2744 1055 2817 ἂν
1085 2746 1175 2835 μὴ
1202 2747 1276 2817 τὸ
1307 2747 1660 2836 χρῶμενον
1688 2748 2173 2839 εὐχαρίστως
2199 2766 2339 2833 τοῖς
2367 2758 2593 2840 ἔχουσι

301 2856 405 2921 καὶ
475 2855 552 2925 τὸ
626 2859 763 2924 τῶν
837 2852 1149 2924 ἀπόντων
1214 2854 1304 2941 μὴ
1369 2854 1696 2942 δεόμενον
1760 2854 1863 2924 ἀεὶ
1925 2864 2440 2949 παρακολουθῇς
2506 2901 2589 2911 -—

305 2960 562 3047 (Fuitne
608 2961 684 3032 τὸ
730 2989 830 3051 χρ.
876 2961 1278 3050 εὐχαρίστως
1320 2976 1460 3041 τοῖς
1505 2954 1658 3031 οὖσι
1669 2965 1775 3051 ‘?)'.
1864 2965 2089 3052 Neque
2138 2969 2261 3033 sibi
2308 2971 2475 3055 ipse,
2520 2975 2597 3036 ut

309 3071 499 3159 vides,
546 3072 888 3138 satisfacit.
955 3071 1308 3157 Sententia,
1355 3074 1651 3158 quamvis
1688 3070 2061 3159 κακοζήλως
2096 3098 2415 3161 expressa,
2458 3099 2595 3142 non

307 3179 509 3245 minus
561 3204 740 3247 sana.
829 3178 1013 3245 Nihil
1061 3180 1236 3246 aliud
1283 3202 1478 3266 quam
1523 3180 1649 3245 hoc
1696 3180 1905 3247 dicere
1952 3183 2185 3248 voluit:
2240 3179 2459 3249 πόθεν
2509 3222 2592 3231 -

307 3277 572 3372 ὄφελος,
627 3280 714 3354 ἂν
773 3282 864 3371 μὴ
910 3281 952 3371 ἡ
998 3288 1274 3373 χρῆσις
1319 3284 1435 3373 (---
1482 3282 1556 3352 τὸ
1604 3283 1974 3372 χρεόμενον,
2022 3292 2095 3354 ut
2140 3287 2360 3375 saepe)
2409 3284 2595 3374 εύχά-

313 3409 526 3473 ριστος
571 3384 615 3480 ᾖ
660 3391 950 3477 τούτοις,
999 3397 1071 3459 οἳ
1111 3395 1414 3479 ἔχουσιν,
1468 3394 1506 3458 i.
1554 3416 1608 3458 e.
1656 3386 1742 3458 ἂν
1786 3390 1876 3479 μὴ
1922 3395 1995 3459 οἱ
2034 3396 2297 3479 ἔχοντες
2341 3390 2595 3481 εὐχαρί-

309 3512 469 3575 στως
513 3501 809 3587 χρῶνται
857 3523 941 3566 sc.
985 3497 1248 3577 τούτοις
1293 3493 1335 3563 ἃ
1381 3502 1626 3583 ἔχουσι.
1715 3498 1807 3564 Et
1851 3502 2050 3566 verba
2095 3506 2162 3567 et
2206 3503 2594 3567 sententiam

311 3604 467 3672 alter
517 3609 701 3675 locus
757 3609 1068 3694 gemellus
1123 3608 1191 3673 in
1235 3606 1496 3692 Fragm.
1541 3605 1723 3690 XXI,
1769 3607 1810 3672 2
1872 3607 2159 3674 illustrat
2218 3613 2409 3695 atque
2456 3610 2595 3695 ipse

310 3709 678 3781 illustratur.
769 3714 1062 3801 Legitur:
1127 3713 1577 3798 δυσερωτιῶσι
1636 3709 1711 3777 δὲ
1763 3714 1900 3779 τῶν
1956 3708 2300 3798 ἀπόντων,
2362 3711 2596 3801 ὑπερο-

314 3817 548 3898 ρῶντες
601 3810 699 3887 ῶν
755 3823 1051 3905 ἔχουσιν·
1111 3814 1312 3887 οὐδὲν
1373 3815 1499 3905 γὰρ
1547 3813 1763 3897 οὕτως
1808 3815 2154 3905 ἀγαπῶσιν
2201 3816 2290 3899 ῶς
2334 3817 2379 3888 ἃ
2425 3822 2596 3888 ἐλπί-

317 3924 533 3997 ζουσιν
583 3966 659 3975 -
719 3948 825 3975 —·
873 3930 1187 4013 ἔχοντες
1231 3923 1374 4013 γὰρ
1425 3921 1514 3993 ού
1561 3928 1934 4011 χρῶνται,
1978 3930 2481 4013 προσδοκῶντες
2527 3924 2592 3994 δ’

315 4024 400 4094 ού
441 4032 836 4119 κάμνουσι
885 4033 1007 4120 (ita
1055 4036 1228 4101 enim
1274 4034 1621 4121 legendum
1666 4056 1783 4118 pro
1832 4031 1908 4099 δὲ
1952 4032 2333 4121 κάμνουσι).
2398 4034 2595 4099 Vides

317 4140 474 4219 quod
527 4142 664 4208 illic
720 4143 1034 4228 exquisite
1091 4142 1364 4207 dixerat:
1419 4135 1507 4206 ἀν
1552 4137 1643 4225 μὴ
1686 4137 1762 4206 τὸ
1807 4140 2155 4228 χρῶμενον
2201 4136 2595 4227 εὐχάριστον

318 4230 356 4323 ἦ
396 4280 469 4293 —-
507 4249 1015 4336 παρακολουθῇ,
1061 4271 1256 4333 quam
1303 4248 1683 4332 simpliciter
1726 4247 1833 4313 hic
1879 4251 2290 4332 expresserit:
2336 4253 2598 4334 ἔχοντες

317 4344 434 4436 γὰρ
478 4350 561 4420 ού
605 4356 918 4442 χρῶνται,
961 4355 1422 4441 προδοκῶντες
1470 4348 1532 4419 δ’
1584 4347 1670 4419 οὐ
1714 4350 2061 4439 κάμνουσι.
2098 4392 2185 4403 --
2223 4356 2322 4421 De
2368 4379 2505 4442 cap.
2554 4357 2595 4423 6

319 4452 400 4539 (p.
442 4461 568 4529 467
601 4461 672 4551 d)
718 4487 775 4530 v.
823 4467 1045 4529 annot.
1089 4464 1159 4528 in
1203 4486 1262 4548 p.
1311 4463 1440 4528 276
1470 4484 1522 4528 c.

419 4573 656 4625 Symbolon
683 4578 874 4619 criticae
901 4583 948 4619 et
974 4580 1204 4628 palaeogr.
1234 4578 1284 4618 in
1312 4577 1435 4617 Plut.
2138 4578 2169 4627 6
