3200 5175
1529 304 1973 373 -54-

600 492 700 557 est
764 488 848 554 ad
909 484 1374 573 reperiendum.
1466 484 1801 551 Librarius
1866 506 1946 549 ex
2000 506 2077 551 eo
2134 484 2307 570 quod
2362 484 2679 570 scriptum
2754 487 2953 551 erat:

603 595 903 679 ΚΡΙΔΑΕ,
941 594 1299 680 supplendo
1336 591 1731 681 (Α)ΚΡΙΔΑΕ
1770 591 1997 657 effecit.
2068 590 2493 659 Scribendum
2528 594 2709 657 erat:
2770 594 2953 659 ΚΝΙ-

599 703 763 769 ΔΑΕ
792 731 877 755 =
905 701 1160 784 κνίδας,
1206 721 1370 785 quae
1415 698 1627 765 adhuc
1670 698 1843 784 apud
1876 719 1999 764 nos
2044 702 2425 765 conservata
2466 695 2663 783 τσου)
2708 700 2955 763 κνίδα

599 809 978 895 appellatur.
1067 805 1167 872 De
1223 805 1603 873 confusione·
1655 806 1751 871 lit.
1800 806 1851 871 Ν
1916 808 1984 869 et
2029 805 2076 871 Ρ
2124 806 2263 890 jam
2318 808 2467 871 ante
2510 805 2956 873 monuimus.

599 915 986 981 Plutarchus
1049 913 1252 999 igitur
1295 913 1671 997 scripserat:
1735 912 2041 997 γεωργοῦ
2092 908 2221 997 γὰρ
2272 912 2510 988 κνίδας
2562 908 2675 976 καὶ
2754 907 2953 977 ὀνω-

602 1023 797 1099 νίδας
841 1015 993 1087 ἀντὶ
1035 1020 1273 1105 πυρῶν
1315 1016 1428 1085 καὶ
1472 1018 1738 1104 κριθῶν
1780 1022 1914 1085 κτλ.
2372 1002 2391 1015 ’

779 1126 852 1195 O.
902 1128 984 1193 13
1029 1125 1121 1213 (p.
1172 1125 1300 1192 155
1325 1125 1417 1213 f):
1471 1123 1584 1191 καὶ
1642 1120 1678 1191 ὅ
1725 1120 2057 1203 Πιττακός
2102 1119 2213 1191 εσὺ
2258 1123 2339 1191 δέ
2378 1124 2478 1208 γε’
2532 1120 2729 1191 εἶπεν
2790 1121 2951 1193 ὀὖ-

600 1256 730 1311 τως
795 1229 1143 1319 ἐξύβρισας
1195 1234 1292 1310 εἰς
1345 1227 1467 1298 τὸν
1520 1228 1772 1316 νόμον,
1836 1226 2004 1297 ὥστε
2058 1229 2297 1317 πέρυσι
2350 1226 2497 1317 γὰρ
2540 1230 2673 1298 καὶ
2724 1230 2949 1299 νυνὶ

601 1336 972 1424 μεθυσθεὶς
1015 1327 1235 1404 ἆθλον
1281 1340 1493 1404 αἰτεῖν
1537 1336 1651 1403 καὶ
1698 1337 2053 1423 στέφανον.
2142 1337 2247 1403 Ita
2292 1339 2527 1424 optimi
2570 1340 2769 1407 codd.
2828 1361 2950 1405 ce-

604 1444 757 1511 teri:
801 1439 981 1530 παρὰ
1025 1439 1241 1528 λίβυτ’
1294 1441 1439 1532 (aut
1482 1440 1773 1532 λίβουτ’)
1820 1439 2111 1533 ἀδελφῷ.
2191 1443 2399 1529 Wytt.
2445 1446 2517 1510 in
2562 1445 2715 1510 edit.
2762 1468 2943 1513 con-

595 1552 782 1638 jecit:
835 1546 992 1634 παρ’
1037 1546 1374 1640 Ἀθηναίῳ
1421 1549 1587 1639 ξένῳ
1634 1551 1736 1617 vel
1779 1546 1872 1628 ὡς
1912 1550 2187 1635 πέρυσι,
2240 1548 2352 1615 καὶ
2398 1550 2557 1617 νυνὶ
2602 1558 2769 1637 μεθ’.
2780 1600 2807 1635 ,
2872 1557 2951 1619 et

601 1658 672 1724 in
715 1658 1147 1724 animadvers:
1191 1654 1372 1743 παρὰ
1418 1660 1608 1745 Λίβῳ
1653 1657 1744 1746 τῷ
1784 1657 2053 1745 Δελφῷ.
2124 1656 2519 1743 Madvigius:
2563 1654 2755 1743 παρὰ
2800 1665 2943 1725 Λι-

604 1760 906 1849 βουτάδῃ
964 1764 1231 1853 Δελφῷ.
1318 1762 1688 1830 Hercherus
1751 1763 2095 1829 lectionem
2150 1785 2344 1831 sensu
2399 1786 2669 1831 vacuam
2728 1762 2945 1853 παρὰ

604 1866 818 1954 λίβυτ’
881 1864 1149 1958 ἀδελφῷ
1206 1869 1467 1954 recepit.
1555 1868 1893 1953 Wyttenb.
1950 1874 2017 1935 et
2060 1868 2374 1955 Madvigii
2419 1871 2937 1941 emendationes

607 1976 777 2043 m'hil
830 1997 989 2061 prae
1045 1996 1112 2039 se
1165 1973 1428 2039 habent.
1516 1973 1809 2041 Primum
1860 1976 2037 2041 enim
2090 1976 2197 2043 hic
2244 1978 2455 2060 Λίβος
2499 1978 2603 2043 vel
2650 1981 2935 2063 Διβου-
2960 2056 2987 2073 0

607 2079 814 2167 τάδης
882 2102 1200 2169 personae
1272 2083 1426 2145 sunt
1498 2080 1809 2147 obscurae
1872 2104 2263 2169 prorsusque
2325 2082 2725 2170 incognitae,
2812 2107 2937 2151 ne-

616 2210 740 2275 que
784 2210 1060 2275 usquam
1105 2189 1467 2253 occurrunt.
1540 2187 1731 2265 Quod
1776 2188 1847 2253 in
1891 2189 2011 2254 tali
2062 2189 2360 2256 convivio
2406 2190 2760 2258 concedere
2816 2214 2927 2259 ve-

608 2295 880 2362 risimile
933 2316 1069 2361 non
1124 2296 1241 2359 est.
1331 2293 1577 2361 Deinde
1631 2297 1905 2379 utraque
1964 2294 2235 2361 alteram
2288 2297 2680 2362 deteriorum
2724 2298 2933 2365 codd.

607 2402 1065 2469 auctoritatem
1111 2400 1423 2487 sequitur,
1468 2422 1616 2466 cum
1654 2400 1861 2467 altera
1894 2423 2105 2486 neque
2139 2402 2523 2487 respiciatur
2555 2426 2767 2490 neque
2810 2429 2926 2471 ex-

611 2510 916 2596 plicetur3
961 2508 1142 2575 cuius
1187 2511 1412 2573 tamen
1457 2510 1524 2573 et
1567 2508 1886 2595 originem
1931 2511 2000 2573 et
2042 2508 2366 2575 rationem
2410 2509 2735 2577 illustrare
2775 2535 2927 2579 ma·

561 2697 566 2700 ,
609 2616 783 2682 xime
819 2613 1158 2680 referebat.
1221 2613 1494 2681 Accedit
1529 2614 1703 2700 quod
1738 2619 1804 2680 et
1830 2615 2139 2682 Aelianus
2168 2620 2237 2682 et
2264 2616 2637 2684 Athenaeus
2668 2619 2924 2687 diserte

612 2719 852 2804 dicunt,
897 2717 1266 2785 convivium
1310 2717 1374 2784 h.
1420 2719 1459 2784 l.
1505 2725 2081 2788 commemoratum
2119 2723 2276 2800 item
2314 2723 2485 2809 apud
2510 2723 2921 2792 Periandum

607 2826 906 2892 habitum
961 2825 1178 2891 fuisse.
1267 2825 1408 2892 Ael.
1454 2826 1526 2893 V.
1579 2826 1663 2892 H.
1708 2827 1802 2914 II,
1857 2829 1971 2895 41:
2028 2828 2141 2896 καὶ
2180 2823 2573 2917 Ἀνάχαρσις
2618 2829 2695 2898 δὲ
2736 2831 2920 2919 πάμ-

605 2936 810 3016 πολυ,
873 2934 1116 3017 φασίν,
1183 2934 1324 2998 ἔπιε
1385 2928 1566 3019 παρὰ
1620 2930 2043 3024 Περιάνδρῳ.
2140 2936 2373 3004 Athen.
2428 2937 2518 3024 X,
2571 2960 2635 3024 p.
2688 2940 2824 3006 437
2859 2940 2921 3008 f:

603 3031 994 3124 Ἀνάχαρσις
1059 3034 1132 3104 δὲ
1196 3033 1232 3104 ὃ
1293 3036 1574 3126 Σκύθης
1634 3036 1813 3124 παρὰ
1858 3038 2261 3132 Περιάνδρῳ
2318 3043 2631 3124 τεθέντος
2680 3042 2918 3114 ἄθλου

609 3142 760 3229 περὶ
813 3144 938 3210 τοῦ
979 3147 1204 3212 πίνειν
1247 3141 1451 3232 ᾔτησε
1494 3145 1570 3212 τὸ
1620 3146 2010 3232 νικητήριον
2051 3148 2316 3235 πρῶτος
2356 3149 2727 3234 μεθυσθεὶς
2769 3153 2917 3220 τῶν

610 3247 1120 3338 συμπαρόντων.
1211 3252 1423 3320 Huius
1481 3253 1764 3320 convivii
1821 3252 2209 3320 Plutarchus
2270 3256 2471 3322 etiam
2526 3257 2741 3324 locum
2796 3259 2913 3324 de-

613 3360 773 3445 finit,
810 3356 1032 3426 Solon.
1060 3359 1131 3425 4:
1176 3357 1498 3443 γενέσθαι
1546 3355 1621 3425 δὲ
1656 3353 1795 3446 μετ’
1838 3355 2149 3444 ἀλλήλων
2184 3361 2261 3425 ἕν
2295 3383 2365 3426 τε
2394 3366 2694 3447 Δελφοῖς
2728 3357 2913 3449 ὁμοῦ

614 3464 927 3551 λέγονται
969 3463 1082 3532 καὶ
1124 3460 1332 3533 πάλιν
1377 3463 1454 3532 ἐν
1497 3469 1848 3554 Κορίνθῳ,
1894 3462 2331 3553 Περιάνδρου
2375 3463 2712 3552 σύλλογόν
2754 3491 2913 3536 τινα

613 3567 852 3640 κοινὸν
896 3565 1122 3639 αὐτῶν
1165 3571 1278 3638 καὶ
1324 3568 1703 3658 συμπόσιον
1747 3572 2378 3654 κατασκευάσαντος.
2468 3573 2559 3639 Iis
2606 3577 2908 3644 omnibus

615 3699 762 3744 cum
821 3676 1306 3746 emendationes
1359 3681 1735 3766 propositae
1790 3679 2139 3747 manifesto
2182 3683 2575 3767 repugnent,
2634 3685 2710 3746 ut
2752 3686 2909 3772 pote

611 3783 818 3850 falsae
862 3783 1220 3850 reiciendae
1265 3789 1437 3852 sunt.
1519 3785 1713 3854 Certo
1760 3786 1933 3854 enim
1983 3786 2368 3872 convivium,
2413 3787 2490 3852 de
2536 3809 2667 3873 quo
2714 3811 2905 3874 quae-

613 3892 799 3977 ritur,
823 3891 1155 3974 celebrari
1201 3913 1336 3960 non
1379 3896 1639 3979 poterat
1684 3892 1855 3977 apud
1898 3893 2137 3960 Libum
2172 3895 2289 3958 aut
2322 3891 2715 3962 Dibutadem
2752 3895 2903 3962 Del-

615 3999 810 4084 phos,
854 3997 1148 4066 homines
1193 4021 1460 4084 prorsus
1506 4000 1835 4066 obscuros.
1925 3998 2054 4066 Res
2098 4021 2214 4084 per
2262 4021 2331 4065 se
2377 3999 2521 4084 ipsa
2565 4000 2743 4069 clara
2788 4008 2904 4072 est.

615 4102 918 4170 Ceterum
964 4125 1042 4172 ex
1087 4128 1163 4173 eo
1211 4106 1384 4193 quod
1428 4106 1590 4171 haec
1626 4125 1941 4189 personae
1976 4127 2014 4170 e
2051 4104 2322 4200 Delphis
2360 4103 2679 4191 originem
2717 4108 2905 4180 duce-

616 4211 796 4295 bant,
839 4233 973 4278 non
1019 4211 1298 4278 efficitur
1343 4232 1497 4278 sane
1541 4211 1909 4278 convivium
1952 4210 2225 4297 Delphis
2270 4211 2571 4280 habitum
2614 4212 2834 4283 fuisse.

791 4316 1183 4386 Emendatio
1241 4318 1468 4406 igitur,
1533 4339 1699 4402 quae
1754 4318 1913 4386 satis
1968 4318 2169 4388 faciat
2180 4370 2199 4405 ,
2248 4318 2531 4404 primum
2576 4341 2724 4388 cum
2767 4325 2904 4390 tam

615 4423 872 4494 disertis
915 4425 1309 4493 testimoniis
1355 4429 1678 4511 congruat
1720 4445 1984 4492 necesse
2030 4427 2155 4511 est3
2198 4424 2429 4494 deinde
2474 4428 2745 4513 utraque
2778 4427 2903 4497 lec·
