3200 5175
1271 343 1373 408 -‘
1447 357 1572 424 129
1668 391 1753 406 .-

359 561 431 603 τι
442 535 722 626 μετερᾷ
787 557 1015 604 rursus
1067 538 1468 619 transfundit.
1549 537 1716 604 Item
1772 537 1968 624 paulo
2023 543 2177 623 post
2234 539 2465 625 corrig.
2525 560 2652 625 με·

355 645 541 733 τερᾷ
596 667 716 729 pro
777 655 1102 731 μεταρρεῖ.
1183 645 1512 711 Librarius
1575 668 1713 712 non
1774 647 2206 732 intellexerat,
2266 646 2421 733 quid
2482 652 2653 714 esset

356 735 898 837 ἆντιμετέρᾶν.
974 748 1305 836 Scriptura
1349 755 1571 818 tamen
1612 752 1907 837 legitima
1946 754 2265 838 superfuit
2300 753 2371 818 in
2408 754 2654 842 ἐξερᾷ,

358 858 530 944 quod
567 880 601 922 e
647 858 1111 924 consuetudine
1148 862 1380 924 notum
1428 863 1583 926 erat.
1667 858 1848 925 Idem
1885 860 2152 932 verbum
2200 861 2358 925 alibi
2398 882 2651 945 quoque
2726 873 2740 885 '

354 967 634 1052 turpiter
679 967 1101 1052 depravatum
1147 966 1320 1033 felici
1364 989 1562 1032 manu
1620 968 2033 1033 emendatum
2080 970 2207 1052 est,
2264 971 2339 1032 ut
2384 989 2445 1051 p.
2484 968 2569 1032 52
2590 969 2653 1051 b,

355 1073 469 1138 ubi
504 1072 891 1140 Duebnerus
920 1095 1141 1140 veram
1179 1075 1566 1158 scripturam
1601 1069 2063 1160 μετερώμενον
2100 1074 2278 1138 dedit
2312 1097 2431 1160 pro
2461 1074 2653 1140 codd:

354 1176 855 1266 μεταιρόμενον.
902 1179 1210 1246 Similiter
1242 1181 1411 1246 1089
1425 1203 1476 1246 e.
1541 1180 1795 1246 Ibidem
1822 1203 1941 1266 pro
1970 1174 2159 1257 ἐντὸς
2194 1174 2405 1246 αὐτοῦ
2433 1182 2650 1266 legen-

356 1286 504 1353 dum
543 1286 731 1364 ἐκτὸς
767 1282 1006 1364 αὐτοῦς
1045 1288 1272 1353 deinde
1302 1287 1779 1372 corrigendum:
1817 1287 1910 1362 εἰς
1939 1279 2147 1382 αὑτὸν
2186 1285 2538 1372 ἐκδέχεται,
2568 1287 2647 1352 cf.

354 1395 463 1459 lib.
483 1393 564 1481 V,
583 1391 738 1480 IA',
759 1397 798 1475 ἓ
829 1395 887 1459 2.
943 1393 1126 1460 Mox:
1163 1398 1236 1461 ἐν
1263 1389 1441 1484 αὐτῷ
1481 1417 1653 1478 γιγν.
1699 1391 1861 1458 Post
1894 1415 2126 1476 pauca:
2157 1387 2321 1457 ὅταν
2354 1388 2389 1459 ὁ
2418 1389 2651 1479 θώραξ

355 1495 476 1566 ἀπ’
511 1495 758 1566 αὐτοῦ
795 1499 908 1588 (sc.
936 1501 1058 1566 τοῦ
1094 1497 1497 1586 πνεύμονος)
1526 1495 1600 1566 τὸ
1639 1497 2093 1585 πνευματικὸν
2122 1497 2271 1583 ἑλκ.,
2308 1504 2382 1566 ut
2418 1502 2489 1565 in
2523 1502 2651 1566 fine

353 1612 527 1674 recte
589 1609 858 1693 legitur:
924 1602 1087 1673 ὅταν
1161 1601 1289 1673 ἀπὸ
1355 1607 1476 1672 τοῦ
1553 1603 1933 1693 πνεύμονος
2008 1605 2376 1690 ἐφέλκηται.
2473 1607 2651 1684 Quae

355 1717 573 1780 autem
631 1716 1014 1799 sequuntur:
1069 1708 1193 1798 τὴν
1256 1710 1330 1778 δὲ
1386 1709 1549 1778 ὅταν
1609 1707 1847 1790 αὐτός
1905 1710 2017 1801 (sc.
2076 1708 2111 1778 ὁ
2157 1709 2503 1798 πνεύμων)
2558 1716 2653 1791 εἰς

351 1818 492 1886 τὸν
544 1817 844 1886 κόλπον
898 1819 988 1908 (h.
1037 1843 1090 1886 e.
1143 1817 1267 1887 τὸν
1321 1816 1633 1908 θώρακα)
1690 1813 1853 1906 ἀέρα
1910 1816 2236 1906 ἀποκρίνῃ
2293 1821 2655 1887 rectissima

355 1933 531 2015 sunt,
573 1951 780 2014 neque
837 1951 983 1994 eum
1038 1927 1383 1994 Duebnero
1441 1928 1846 2014 corrigenda:
1902 1929 1997 2006 είς
2042 1923 2162 1994 τὸν
2222 1923 2407 2006 ἐκτὸς
2465 1921 2651 2015 ἀέρα,

351 2047 562 2122 neque
608 2058 754 2102 cum
799 2033 1017 2121 Wytt:
1065 2028 1228 2099 ὅταν
1273 2027 1436 2098 αὐτὸ
1485 2035 1579 2111 εἰς
1623 2029 1746 2099 τὸν
1790 2029 2024 2100 κοιλὸν
2069 2027 2234 2118 άέρα
2285 2028 2396 2097 άπ.
2479 2033 2651 2099 Nam
2732 2057 2741 2066 ·

352 2143 759 2229 PlutarchuS,
796 2146 869 2208 ut
914 2141 1161 2227 passim
1199 2141 1524 2226 annotavi,
1570 2142 1913 2207 verborum
1951 2140 2283 2206 varietatis
2322 2140 2651 2206 studiosis-

355 2251 556 2315 simus
630 2253 758 2333 est3
828 2248 999 2333 quod
1064 2248 1172 2312 hic
1237 2247 1420 2332 dicit,
1489 2251 1719 2331 quarto
1786 2248 2113 2332 pulmonis
2185 2247 2409 2313 motui·
2462 2269 2651 2332 quem

354 2379 550 2442 supra
605 2356 946 2440 descripsit
1000 2347 1187 2440 (καθ’
1247 2348 1335 2438 ἣν
1388 2351 1500 2418 καὶ
1555 2349 1631 2419 τὸ
1690 2352 1758 2432 ἐξ
1807 2348 2237 2440 ὑποστροφῆς
2294 2351 2509 2442 ἐξερᾷ)
2557 2377 2652 2418 re-

355 2463 648 2548 spondet.
738 2462 956 2528 Verba
1019 2464 1090 2527 εί
1099 2486 1132 2539 ς
1189 2455 1328 2528 τὸν
1381 2457 1682 2526 κόλπον
1739 2460 1907 2526 idem
1953 2462 2175 2527 valent
2226 2463 2418 2545 atque
2468 2457 2654 2536 ἐκτὸς

352 2565 582 2654 αὑτοῦ,
628 2564 795 2658 πρὸς
829 2565 954 2635 τὸν
998 2564 1300 2654 θώρακα,
1339 2569 1441 2634 vel
1485 2563 1753 2653 θύραζε.
1799 2606 1875 2615 -
1916 2566 2076 2635 Post
2112 2561 2243 2633 ἀπὸ
2290 2568 2412 2633 τοῦ
2453 2565 2650 2634 πνεύ-

351 2700 560 2762 μονος
618 2680 790 2743 recte
837 2675 1136 2741 Reiskius
1190 2676 1388 2741 inseri
1444 2676 1625 2761 vultz'
1664 2672 1743 2740 τὸ
1790 2672 2269 2761 πνευματικόν,
2327 2679 2401 2741 ut
2454 2678 2649 2760 paulo

352 2788 533 2869 ante3
580 2785 693 2850 sed
740 2784 953 2867 possis
1002 2783 1198 2875 etiam
1242 2778 1316 2847 τὸ
1365 2783 1648 2867 πνεῦμα.

529 2890 670 2956 Lib.
706 2889 786 2975 V,
823 2885 924 2975 Z'‚
961 2892 1002 2971 ἓ
1048 2890 1093 2953 4
1129 2887 1218 2975 (p.
1257 2889 1389 2954 905
1418 2864 1490 2978 eff
1522 2890 1721 2955 scrib:
1770 2892 1833 2954 εἰ
1878 2884 1941 2955 δ’
1993 2888 2461 2974 ἐναλλαγείη
2501 2888 2648 2978 (pro

355 2995 712 3084 ἐναλλαγῇ)
757 2992 838 3062 τὰ
881 2996 999 3081 τῆς
1042 2997 1430 3081 καταβολῆς.
1513 2995 1769 3083 Mosqu.
1815 2996 2169 3081 ἐναλλαγεῖ
2209 2998 2337 3063 dat.

537 3140 612 3151 -—
663 3099 808 3195 IB',
852 3107 893 3186 ἓ
935 3106 967 3169 1
1021 3102 1110 3191 (p.
1158 3105 1287 3170 906
1319 3102 1380 3189 e)
1430 3102 1679 3170 Galeno
1734 3108 2079 3189 praeeunte
2128 3106 2325 3170 scrib:
2370 3106 2650 3189 τυχικῶς

350 3208 461 3276 καὶ
509 3209 580 3275 ἐκ
623 3210 744 3276 τοῦ
792 3204 1194 3296 αὐτομάτου,
1243 3206 1421 3276 ὅταν.
1467 3233 1586 3295 pro
1633 3234 1773 3296 τυχ.
1820 3208 1931 3276 καὶ
1978 3202 2364 3295 αὐτομάτως
2411 3210 2482 3277 ἐκ
2527 3212 2650 3276 τοῦ

350 3310 532 3382 ὅταν.
610 3309 719 3380 Ἐκ
763 3318 884 3381 τοῦ
935 3318 1248 3384 omissum
1295 3318 1365 3382 in
1408 3319 1703 3403 margine
1756 3321 2139 3383 annotatum
2184 3318 2425 3402 fuerat,
2480 3320 2648 3383 unde

350 3423 417 3487 in
461 3423 675 3487 textus
723 3423 939 3488 locum
984 3424 1278 3508 ineptum
1323 3424 1604 3508 irrepsit.
2650 3468 2655 3473 -

529 3566 616 3575 --
654 3526 820 3615 IH',
855 3533 895 3611 ἓ
943 3533 976 3595 1
1020 3529 1108 3617 (p.
1146 3532 1274 3596 907
1309 3529 1398 3617 f):
1443 3526 1800 3617 προϊόντος
1839 3527 1913 3595 δὲ
1948 3530 2071 3621 τοῦ
2116 3526 2368 3615 χρόνου
2412 3528 2647 3596 τοσαύ-

349 3658 474 3719 την
531 3634 850 3719 γενέσθαι
907 3632 1035 3721 τὴν
1086 3631 1375 3723 ἡμέραν,
1439 3632 1654 3721 ὁπόση
1722 3638 1854 3703 νῦν
1912 3636 2096 3703 ἐστιν
2150 3632 2191 3722 ἡ
2242 3634 2647 3722 ἑπτάμηνος·

352 3738 464 3805 διὰ
524 3740 722 3807 τοῦτο
778 3741 888 3808 καὶ
941 3738 1024 3807 τὰ
1091 3740 1429 3829 δεκάμηνα
1493 3740 1739 3829 γόνιμα
1792 3742 1904 3809 καὶ
1961 3739 2040 3809 τὰ
2098 3740 2467 3830 ἑπτάμηνα,
2531 3745 2649 3829 τῆς

351 3843 617 3930 φύσεως
673 3850 796 3915 τοῦ
849 3846 1108 3935 κόσμου
1174 3846 1350 3917 οὕτω
1409 3854 1922 3938 μεμελετηκυίας
1988 3846 2311 3930 αὔξεσθαι
2374 3850 2457 3915 ἐν
2510 3852 2646 3939 μιᾷ

349 3947 624 4043 ἡμέρᾳ,
668 3944 712 4042 ᾖ
757 3960 1071 4021 τίθεται
1126 3955 1350 4022 νυκτὶ
1407 3954 1491 4023 τὸ
1546 3957 1861 4045 βρέφος.
1942 3958 2159 4024 Verba
2214 3957 2526 4042 impedita
2580 3962 2646 4021 et

351 4082 546 4127 sensu
590 4084 793 4129 vacua
848 4063 1115 4129 diversis
1171 4065 1380 4130 modis
1436 4087 1667 4131 sanare
1723 4070 2055 4132 conantur.
2138 4062 2285 4148 Xyl.
2341 4064 2644 4129 coniecit:

346 4156 392 4254 ᾖ
436 4170 720 4236 τίκτεται
765 4172 896 4235 νῦν
949 4166 1023 4236 τὸ
1071 4173 1174 4257 βρ.
1238 4171 1567 4238 Reiskius:
1633 4172 1705 4237 ἐν
1760 4173 1879 4260 μιᾷ
1932 4166 2144 4258 ἡμέρα
2198 4172 2277 4255 τῇ
2331 4168 2479 4237 τότε
2533 4170 2645 4236 καὶ

349 4278 561 4341 νυκτί.
631 4276 850 4361 Wytt:
897 4276 973 4342 ἐν
1009 4278 1128 4365 μιᾷ
1162 4271 1374 4363 ἡμέρα
1410 4302 1481 4343 τε
1525 4276 1637 4344 καὶ
1676 4277 1863 4345 νυκτὶ
1901 4274 1975 4344 τὸ
2015 4275 2279 4363 βρέφος.
2310 4313 2393 4323 ——
2423 4277 2645 4345 Verba

351 4387 658 4467 corrupta
715 4384 804 4448 sic
857 4384 1260 4470 intellegam:
1317 4382 1393 4449 ἐν
1448 4386 1566 4473 μιᾷ
1624 4380 1836 4473 ἡμέρα
1885 4378 2005 4472 [''H
2030 4381 2205 4471 μόνῃ
2252 4377 2295 4469 ἢ
2343 4381 2496 4473 σύν]
2535 4374 2645 4450 Ἧι

349 4490 607 4554 τίθεται
645 4486 838 4555 νυκτὶ
874 4485 948 4556 τὸ
985 4490 1255 4577 βρέφος,
1292 4492 1332 4557 i.
1372 4514 1424 4557 e.
1463 4495 1576 4557 aut
1614 4496 1859 4577 septem
1900 4495 2014 4558 aut
2049 4493 2267 4559 decem
2298 4493 2645 4559 mensibus,

458 4602 698 4656 Symbola·
726 4605 913 4646 criticae
941 4609 987 4648 ot
1009 4605 1241 4657 palaeogr.
1269 4607 1320 4647 in
1346 4607 1468 4648 Plut.
2184 4605 2216 4652 9
