3200 5175
1281 347 1764 414 -0-141-—-

557 527 628 596 O.
673 525 714 596 6
773 526 860 617 (p.
919 529 1088 595 1090
1101 525 1169 616 d)
1236 518 1514 595 conicio:
1581 520 1901 594 οὐδέποτε
1964 522 2113 614 (pro
2170 515 2463 614 οὐδέπω)
2527 521 2675 612 κτή-

382 643 653 704 σασθαι.

560 743 638 810 In
694 744 1030 830 proximis:
1095 739 1313 829 ὄχλων
1375 739 1452 808 δὲ
1505 737 1773 828 θυμοὺς
1834 739 1945 809 καὶ
2008 742 2272 830 λῃστῶν
2337 736 2679 827 ὠμότητας

381 848 492 916 καὶ
538 847 979 936 κληρονόμων
1026 846 1310 934 ἀδικίας,
1359 853 1454 916 ἔτι
1492 846 1568 916 δὲ
1603 845 1884 936 λοιμοὺς
1921 845 2143 936 ἀέρων
2175 847 2287 915 καὶ
2322 845 2679 915 θάλασσαν

379 951 858 1046 εὐβράγκην,
904 953 1033 1043 ὑφ’
1083 951 1189 1035 αἷς
1230 953 1623 1043 Ἐπίκουρος
1669 951 1902 1040 ὀλίγον
1947 956 2176 1042 ἐδέησε
2211 957 2678 1041 καταποθῆναι

383 1065 604 1132 πλέων
650 1067 744 1142 είς
771 1064 1169 1150 Λάμψακον,
1215 1062 1279 1130 τὶ
1323 1057 1412 1130 ἀν
1458 1062 1642 1147 λέγοι
1678 1088 1807 1142 τις;
1880 1063 2016 1128 Alii
2052 1062 2241 1130 codd:
2288 1057 2679 1149 εὐκράγκην.

381 1171 542 1239 Mez.
592 1173 888 1239 coniecit:
945 1167 1374 1259 εὐκράγκτην.
1464 1171 1769 1238 Reiskius
1814 1171 2022 1236 varia:
2081 1167 2524 1257 εὐρύβρυχον,
2570 1172 2676 1236 vel

380 1278 736 1367 ἐρίβρυχον
765 1303 780 1345 :
809 1277 1183 1366 ἐρίκρακτιν
1214 1304 1231 1344 2
1260 1272 1702 1364 εὐρύκρακτιν
1730 1303 1745 1344 :
1774 1277 2222 1364 ἐρίκλαγκτιν,
2279 1279 2382 1343 vel
2425 1273 2679 1342 θαλάσ-

379 1402 499 1470 σης
544 1383 852 1471 ἐκρογήν,
896 1379 1017 1470 ὑφ’
1068 1374 1165 1470 ἧς.
1251 1384 1473 1468 Wytt:
1520 1381 1870 1472 έκρακτήν,
1916 1379 2035 1469 ὑφ’
2087 1373 2183 1468 ἦς.
2265 1385 2678 1450 Doehnerus:

381 1489 774 1577 ἐκβραστήν,
819 1486 938 1576 ὑφ’
992 1480 1086 1577 ἧς.
1178 1490 1683 1558 Herwerdcnus:
1739 1490 2227 1577 βεβραγμένην,
2272 1485 2393 1576 ὑφ’
2442 1479 2543 1577 ἧς.
2597 1527 2672 1538 --—

375 1598 541 1665 Mihi
595 1599 850 1664 videtur
903 1599 1102 1664 latere
1155 1599 1523 1664 θαλασσῶν
1579 1594 2092 1683 συνάγκειαν,
2146 1592 2268 1682 ὑφ’
2318 1586 2415 1684 ἧς.
2506 1595 2672 1663 Scri-

376 1709 560 1791 ptum
625 1709 790 1772 erat:
856 1707 1274 1773 (ΥΝΑΓΚΗΝ
1291 1755 1308 1790 ,
1371 1706 1542 1772 unde
1599 1707 2132 1791 pronunciatione
2188 1706 2475 1772 admixta
2530 1709 2676 1771 orta

373 1813 664 1879 fuerunt:
739 1809 1261 1899 ΕΥ(Β)ΡΑΓΚΗΝ
1311 1837 1326 1878 :
1374 1811 1915 1900 ΕΥ(Κ)ΡΑΓΚΗΝ.
2017 1810 2115 1879 Of.
2177 1812 2422 1898 Poplic.
2488 1835 2539 1879 c.
2605 1814 2677 1878 4:

377 1915 714 2004 ναυβάτας
740 1945 756 1985 2
785 1917 1080 1998 ναυάτας
1107 1946 1123 1987 :
1151 1917 1459 2005 ναβάτας.
1549 1919 1835 1987 Marcell.
1890 1921 1997 1986 22.
2060 1920 2405 1986 lectionem
2459 1919 2679 2005 legiti-

375 2050 552 2093 mam
593 2023 755 2112 ὅβας
791 2049 960 2095 unus
999 2051 1039 2094 a
1075 2028 1206 2114 dat,
1255 2029 1472 2094 ceteri:
1519 2022 1749 2111 Εὔβας
1776 2053 1793 2094 :
1820 2023 1977 2105 εὔας
2013 2031 2130 2094 etc.
2194 2026 2674 2114 Intelleguntur

377 2135 580 2200 maris
625 2135 786 2220 loca,
831 2135 902 2200 in
949 2157 1114 2221 quae
1161 2135 1494 2200 confluunt
1531 2139 1598 2201 et
1631 2136 2123 2221 ingurgitantur
2162 2156 2397 2220 aquae,
2436 2153 2675 2219 gurges

379 2243 611 2329 igitur-3
653 2242 824 2308 idem
871 2241 1004 2307 fere
1049 2243 1223 2308 valet
1258 2264 1336 2309 ac
1372 2236 1785 2326 μισγάγκεια.
1850 2239 2159 2307 Similiter
2197 2240 2475 2307 Babrius
2513 2239 2677 2306 dixit

379 2341 652 2414 ὑδάτων
697 2345 1075 2432 συνάγκεια.
1166 2348 1352 2426 Quod
1397 2348 1781 2415 vocabulum
1828 2349 2065 2414 mirum
2098 2349 2181 2413 -in
2223 2347 2491 2414 modum
2536 2347 2674 2412 ubi-

378 2476 648 2539 cumque
695 2456 975 2522 occurrit
1024 2455 1426 2540 depravatur.
1499 2455 1743 2523 Forma
1788 2451 2122 2539 σύναγκος
2166 2475 2321 2521 usus
2368 2457 2469 2520 est
2512 2453 2678 2519 The-

380 2562 654 2629 mistius.
1296 2611 1301 2617 -

554 2668 624 2736 G.
662 2671 702 2736 8
741 2669 832 2756 (p.
865 2670 1136 2759 1091e):
1181 2668 1294 2737 καὶ
1339 2674 1682 2757 χαίροντες
1726 2665 2178 2758 ἀνδραπόδων
2214 2670 2425 2737 τινῶν
2458 2664 2677 2755 χαρὰν

373 2766 417 2860 ἢ
467 2777 759 2863 δεσμίων
805 2777 871 2857 ἐξ
909 2779 1186 2865 εἱργμοῦ
1223 2778 1574 2847 λυθέντων
1611 2774 1915 2863 ἀσμένως
1948 2772 2513 2864 ἀλειψαμένων
2546 2775 2678 2843 καὶ

376 2878 1053 2970 ἀπολουσαμένων
1119 2880 1258 2971 μετ’
1329 2889 1548 2963 αἰκίας
1599 2883 1710 2951 καὶ
1765 2882 2122 2971 μάστιγας,
2186 2882 2544 2967 ἐλευθέρας
2602 2880 2680 2949 δὲ

380 2988 490 3055 καὶ
527 2992 832 3076 καθαρᾶς
867 2991 980 3058 καὶ
1016 2986 1304 3078 ἀμιγοῦς
1337 2990 1447 3058 καὶ
1477 2986 2077 3060 ἀπουλωτίστου
2104 2991 2311 3077 χαρᾶς
2338 2986 2680 3075 ἀγεύστων

378 3095 491 3162 καὶ
554 3090 885 3164 ἀθεάτων.
986 3099 1156 3177 Quid
1217 3100 1422 3166 lateat
1483 3101 1554 3166 in
1618 3093 2253 3183 ἀπουλωτίστου,
2318 3098 2490 3185 quod
2553 3098 2677 3165 hoc

378 3225 508 3269 uno
552 3205 696 3272 loco
742 3206 1000 3293 legitur,
1045 3208 1336 3274 nondum
1381 3212 1710 3293 repertum
1748 3213 1866 3274 est.
1940 3206 2244 3274 Reiskius
2284 3206 2679 3291 suspicatur:
2724 3212 2735 3223 “

378 3303 940 3379 ἀναπολωτίστου.
1004 3312 1219 3397 Wytt:
1267 3312 1791 3397 ἀνουλωτίστου,
1839 3335 2004 3399 quac
2051 3312 2243 3379 ambo
2279 3311 2470 3377 nihili
2508 3314 2677 3377 sunt.

377 3416 787 3486 Doehnerus:
859 3413 1390 3487 ἀνεπιθολωτου.
1498 3420 2002 3487 Herwerdenus:
2074 3412 2504 3500 ἀνυπούλου,
2577 3417 2681 3484 vel

377 3516 840 3610 ἀδυσωπῆτου.
894 3562 970 3574 -
1023 3525 1211 3604 Quod
1251 3526 1445 3592 latini
1491 3527 1714 3594 dicunt
1758 3525 2103 3594 ‘vibicibus
2149 3522 2403 3610 plenus'
2450 3544 2679 3610 graece

378 3631 615 3698 dicitur
660 3632 1281 3719 μεμωλωπισμένος,
1329 3637 1395 3698 et
1440 3634 1859 3720 contrarium,
1905 3633 2078 3718 quod
2124 3633 2317 3698 huius
2362 3632 2486 3697 loci
2537 3650 2680 3697 scn-

377 3728 588 3805 tentia
645 3740 939 3826 requirit,
999 3739 1127 3805 dici
1171 3743 1429 3827 poterat
1473 3734 2047 3827 ἀμωλῶπιστος
2092 3737 2185 3826 (Π
2215 3770 2299 3793 ---
2330 3740 2395 3805 Μ
2443 3738 2521 3805 cf.
2569 3761 2679 3804 an-

380 3851 512 3913 not.
571 3870 656 3912 m.
715 3847 786 3913 in
825 3856 904 3933 Ῥ.
957 3847 1124 3914 1001
1159 3845 1237 3933 ο).
1328 3847 1548 3914 Possis
1606 3848 1801 3913 etiam
1864 3840 2402 3931 ἀκαλλωπίστου,
2466 3850 2541 3913 ut
2598 3846 2680 3912 ad

382 3948 595 4034 άλειψ.
642 3950 752 4019 καὶ
801 3948 1370 4040 ἀπολουσαμένων
1409 3955 1755 4039 referatur3
1802 3976 2012 4042 neque
2049 3954 2317 4021 dubium
2352 3958 2475 4039 est,
2522 3952 2682 4041 quin

383 4055 954 4147 ἀπολουσαμένων
1039 4062 1282 4149 aliquid
1362 4063 1681 4130 vocabulo
1750 4062 2001 4129 ‘vitioso
2077 4056 2681 4128 ἀπουλωτίστου

380 4166 822 4234 contribuerit.
918 4166 1044 4234 sed
1089 4168 1250 4235 illud
1295 4172 1604 4253 praestat.

565 4270 697 4340 Sub
761 4274 957 4341 finem
1021 4275 1430 4341 scribendum
1496 4278 1686 4360 puto:
1749 4270 1916 4361 πρὸς
1979 4272 2103 4360 μὲν
2154 4270 2300 4363 γὰρ
2366 4272 2515 4363 (pro
2575 4273 2680 4362 γε)

379 4377 664 4457 τούτους
710 4378 891 4447 ἐστὶν
935 4376 1024 4447 κὲ.

559 4486 628 4554 Ο.
689 4488 772 4554 15
827 4486 915 4576 (p.
977 4486 1262 4578 1097a):
1327 4490 1421 4555 ἔτι
1481 4484 1544 4553 δ’
1595 4484 1935 4575 ἀκμάζων,
1982 4478 2034 4556 ὦ
2082 4486 2392 4579 μακάριε,
2438 4492 2682 4579 χρῆσαι
