3200 5175
1264 328 1705 393 -43-

321 505 438 573 καὶ
485 500 904 593 εὐδαίμονες.
946 543 1022 554 -
1063 505 1257 580 Nunc
1300 507 1610 574 facillime
1658 511 1925 574 sanatur
1948 499 2147 574 'locus
2183 508 2375 595 Diog.
2413 509 2627 576 Laert.

322 614 524 700 VIII,
576 615 688 680 13:
743 608 910 680 ὥστε
966 607 1403 700 εὐπορίστους
1457 607 1686 691 αὐτοῖς
1730 609 1903 680 εἶναι
1948 610 2066 692 τάς
2108 611 2363 701 τροφὰς
2406 611 2630 701 ἄπυρα

322 719 908 807 προσφερομένοις
962 719 1075 787 καὶ
1129 716 1354 786 λιτὸν
1407 716 1591 807 ὕδωρ
1637 723 1993 805 πίνουσιν,
2042 722 2156 788 ubi
2201 722 2486 789 Cobetus
2532 723 2631 788 in-

324 828 606 893 feliciter
662 828 937 893 coniecit
981 823 1203 915 ἄπυρα
1248 844 1491 914 προσφ.
1537 827 1649 895 καὶ
1694 825 1871 894 λιτὰ
1922 826 2016 916 (id
2062 834 2162 896 est
2208 825 2471 917 εὐτελῆ)
2516 829 2630 896 καὶ

331 930 524 1019 ὕδωρ
569 937 902 999 πίνουσιν.
976 934 1076 1000 Tu
1119 957 1253 1000 non
1291 935 1634 1020 dubitabis,
1681 937 1930 1022 opinor,
1976 959 2230 1002 mecum
2266 938 2627 1024 legitimam

330 1042 679 1107 lectionem
736 1041 1100 1133 restituere:
1162 1037 1384 1128 ἄπυρα
1443 1059 1691 1127 προσφ.
1742 1041 1857 1109 καὶ
1910 1038 2248 1131 (ὀ)λίγον
2294 1039 2483 1131 ὕδωρ
2528 1048 2628 1110 πί-

331 1165 591 1214 νουσιν.
642 1184 719 1194 -
773 1145 896 1213 Sed
941 1169 975 1212 e
1023 1147 1401 1216 diverticulo
1448 1150 1519 1214 in
1567 1151 1757 1217 viam.

506 1254 586 1319 In
641 1253 866 1320 eodem
921 1277 1057 1339 cap.
1105 1253 1194 1340 (p.
1241 1257 1330 1322 44
1357 1254 1420 1344 c)
1476 1256 1654 1322 haud
1706 1260 1877 1322 recte
1924 1256 2289 1345 Madvigius
2338 1260 2627 1344 scripsit:

323 1371 469 1439 τοῖς
518 1356 650 1447 γὰρ
703 1353 1046 1444 ἀληθινῶς
1095 1399 1170 1410 -
1223 1357 1512 1448 ἀγαθοῖς
1554 1360 1711 1450 τιμή
1758 1388 1827 1430 τε
1872 1368 2187 1450 καλλίστη
2234 1361 2309 1432 τὸ
2354 1368 2634 1452 τιμῆσαί

324 1492 478 1535 τινα
520 1468 658 1534 τῶν
704 1461 913 1546 ἀξίων
957 1467 1070 1534 καὶ
1114 1466 1363 1555 κόσμος
1409 1469 1927 1557 ἐυπρεπέστατος
1969 1467 2045 1538 τὸ
2086 1471 2209 1538 ἐπὶ
2242 1474 2628 1559 κοσμήσει

325 1573 474 1660 (pro
530 1574 1000 1663 ἐπικοσμῆσαι)
1047 1581 1396 1667 περιουσάᾳ
1445 1573 1644 1662 δόξης
1689 1575 1801 1644 καὶ
1844 1572 2153 1667 ἀφθονίᾳ
2198 1577 2623 1664 γιγνόμενον.

326 1681 518 1748 Nihil
573 1683 1057 1748 sollicitandum
1115 1705 1254 1749 esse
1309 1707 1455 1750 cum
1509 1686 1713 1770 ipsius
1774 1686 1900 1751 loci
1948 1687 2269 1751 sententia
2324 1688 2627 1772 ostendit,

335 1827 419 1836 -
467 1790 638 1876 quod
699 1792 874 1856 enim
934 1792 1165 1858 dicitur
1223 1788 1298 1858 τὸ
1357 1791 1796 1877 ἐπικοσμῆσαι
1843 1789 2020 1881 (τινὰ
2067 1793 2211 1858 τῶν
2248 1787 2484 1881 ἀξίων)
2529 1797 2625 1879 γί-

329 1923 558 1983 γνεται
603 1900 956 1986 περιουσίᾳ
1003 1895 1202 1982 δόξης
1245 1896 1356 1964 καὶ
1394 1893 1701 1986 ἀφθονίᾳ
1738 1899 1907 1964 idem
1945 1903 2047 1965 est
2082 1903 2275 1985 atque
2313 1898 2623 1986 ἐμφαίνει

325 2009 718 2092 περιουσίαν
749 2001 949 2090 δόξης
973 2004 1085 2071 καὶ
1115 2000 1594 2090 ἀφθονίαν-ς
1622 2010 1763 2072 tum
1792 2008 1957 2072 alius
1987 2007 2167 2072 locus
2199 2006 2275 2071 de
2303 2029 2372 2072 re
2400 2012 2642 2074 eadem·

327 2115 515 2180 docet
557 2137 619 2199 p.
665 2113 799 2180 484
827 2134 888 2180 e:
937 2111 1045 2179 σοὶ
1084 2111 1164 2178 δέ
1209 2151 1312 2196 --,
1359 2102 1412 2178 ὦ
1449 2109 1751 2199 μακάριε,
1798 2110 2012 2198 μηδὲν
2058 2113 2443 2181 ἐλαττοῦντι
2488 2118 2626 2182 τῶν

325 2218 724 2308 προσόντων
761 2214 1068 2304 ἀγαθῶν,
1113 2216 1394 2306 ὑπάρχει
1443 2218 1928 2305 συνεξομοιοῦν
1964 2218 2073 2286 καὶ
2112 2213 2624 2308 συνεπικοσμεῖν

325 2325 447 2395 τὸν
513 2323 811 2413 ἀδελφὸν
875 2323 1097 2414 ὥσπερ
1161 2321 1373 2412 αὐγῆς
1431 2323 1861 2394 ἀπολαύοντα
1921 2329 2037 2413 τῆς
2088 2326 2239 2414 περὶ
2299 2326 2372 2395 σὲ
2429 2326 2627 2415 δόξης

324 2428 368 2520 ἢ
415 2429 654 2521 ἀρετῆς
697 2427 739 2520 ἢ
787 2429 1108 2519 εὐτυχίας.

505 2542 754 2610 Ibidem
803 2541 890 2629 (p.
927 2543 1016 2607 44
1042 2538 1101 2629 f)
1143 2541 1454 2628 leguntur
1498 2541 1689 2608 haec:
1744 2529 1923 2628 ῆπου
1967 2537 2168 2627 λόγος
2210 2537 2323 2608 ὑπ’
2376 2537 2628 2631 ἀνδρὸς

326 2645 541 2728 αλλως
585 2648 667 2735 γε’
703 2672 842 2728 πως
889 2649 1254 2725 δοκοῦντος
1295 2686 1370 2695 -—
1413 2646 1799 2734 φιλοσόφου
1843 2646 2338 2737 περαινόμενος
2370 2645 2495 2718 οὐκ
2538 2645 2626 2719 ἂν

329 2751 501 2833 ὅλως
571 2751 810 2842 καιρὸν
883 2751 1240 2840 ἀκροαταῖς
1316 2750 1625 2841 εὐμενέσι
1686 2753 2017 2843 παράσχοι
2082 2754 2250 2843 πρὸς
2312 2760 2623 2867 ἔπαινον;

325 2863 694 2949 Madvigius
743 2863 1107 2929 annotavit:
1157 2862 1554 2949 Requiritur
1599 2864 1869 2929 verbum
1914 2865 2386 2930 intercludendi
2425 2860 2623 2951 signi-

329 2970 697 3035 ficationem
741 2968 1009 3054 bahem,
1055 2970 1122 3034 id
1167 2972 1266 3034 est
1310 2970 1715 3054 παρακλείοι.
1789 2970 1953 3035 Tum
2002 2974 2218 3037 autem
2259 2975 2622 3039 necessario

328 3076 736 3143 scribendum
773 3097 914 3141 esse
949 3070 1357 3161 ἀμωσγέπως
1385 3113 1467 3123 -
1503 3077 1625 3163 vel,
1662 3076 1834 3163 quod
1872 3078 2181 3163 sequitur,
2218 3078 2625 3146 Platonicum

327 3179 630 3269 ἁμηγέπη
677 3182 1020 3249 admonere
1067 3183 1418 3249 debuerat?
1482 3179 1921 3270 Ἀμωσγέπως
1964 3208 2085 3269 pro
2122 3179 2339 3264 ἄλλως
2374 3185 2456 3271 γε’
2485 3209 2625 3264 πως

327 3291 683 3357 rectissime
731 3312 800 3355 se
846 3290 1073 3377 habet3
1117 3293 1506 3377 παρακλείοι
1553 3296 1771 3357 autem
1816 3314 1951 3359 non
1993 3293 2168 3357 item.
2253 3291 2411 3368 Quis
2452 3294 2621 3357 enim

327 3420 460 3465 non
515 3398 840 3483 intellegit
884 3397 1236 3463 dictionem
1280 3398 1478 3463 hano:
1535 3394 1758 3482 Λόγος
1802 3394 2186 3482 φιλοσόφου
2228 3394 2495 3474 πάντως
2536 3391 2624 3463 ἂν

328 3501 656 3591 παράσχοι
703 3498 1055 3589 εὐμενέσιν
1099 3498 1456 3590 ἀκροαταῖς
1500 3498 1817 3589 ἀφορμὴν
1862 3500 2030 3588 πρὸς
2074 3504 2395 3571 ἕπαινονῬ
2453 3502 2623 3571 Gon-

330 3612 598 3678 trarium
645 3610 986 3677 ridiculum
1033 3614 1151 3676 est.
1242 3610 1611 3696 Madvigius
1656 3613 1879 3676 tamen
1926 3611 2269 3700 aberravit,
2314 3613 2622 3697 quoniam

331 3720 686 3786 orationem
733 3718 870 3782 sine
915 3717 1424 3804 interrogatione
1467 3718 1735 3805 legerat.

501 3822 607 3893 De
669 3823 1046 3893 adulatore
1111 3824 1186 3892 et
1246 3826 1478 3893 amico
1555 3849 1607 3892 c.
1667 3828 1702 3891 7
1773 3824 1864 3914 (Ρ.
1930 3794 2016 3893 52
2042 3825 2123 3955 ⁸ta)
2224 3828 2461 3893 rectius
2526 3832 2626 3895 est

328 3933 937 4021 interpungendum:
1013 3928 1050 3999 ὁ
1118 3930 1193 3999 δὲ
1257 3932 1456 4014 κόλαξ
1527 3971 1602 3982 -
1662 3972 1734 3981 -
1806 3928 1955 4000 οὐδ’
2028 3932 2236 4024 ἑαυτῷ
2291 3937 2447 4018 βίον
2494 3936 2624 4015 ζῶν

330 4037 594 4126 αἱρετὸν
640 4033 787 4105 ἀλλ’
841 4037 1070 4129 ἑτέρῳ,
1115 4039 1228 4107 καὶ
1272 4036 1439 4126 πρὸς
1482 4040 1713 4128 ἕτερον
1758 4038 2063 4108 πλάττων
2110 4080 2194 4091 --
2243 4039 2487 4108 ἑαυτὸν
2533 4040 2622 4109 κε’.

325 4142 491 4213 Ἀλλ’
546 4146 744 4237 ἑτέρῳ
791 4150 963 4213 enim
1011 4148 1091 4213 ad
1142 4149 1270 4227 ζῶν
1316 4148 1743 4216 referendum.
1833 4150 2077 4236 Vulgo:
2137 4146 2423 4233 αἱρετόν,
2470 4144 2646 4216 ἀλλ”

333 4251 528 4344 ἑτέρῳ
571 4253 684 4322 καὶ
727 4251 898 4342 πρὸς
942 4253 1189 4340 ἕτερον.

508 4360 576 4428 C.
623 4363 665 4427 9
713 4360 803 4450 (p.
848 4362 935 4428 53
966 4360 1062 4449 d):
1108 4399 1194 4409 --
1241 4356 1384 4428 ἀλλ’
1437 4357 1658 4449 ὥσπερ
1706 4364 1778 4429 οἰ
1817 4362 2066 4447 φαῦλοι
2114 4359 2450 4451 ζωγράφοι
2485 4366 2624 4432 τῶν

329 4469 551 4537 καλῶν
597 4468 1021 4554 ἐφικνεῖσθαι
1067 4464 1156 4555 μὴ
1206 4465 1574 4555 δυνάμενοι
1607 4507 1684 4517 -
1720 4469 1793 4536 ἐν
1840 4468 2063 4557 ῥυτίσι
2115 4508 2187 4521 --
2238 4466 2356 4551 τὰς
2400 4466 2619 4558 ὁμοιό-
