3200 5175
1245 217 1837 282 .--136—

447 392 546 463 ἐπ’
599 390 806 463 αὐτὸν
849 393 1233 482 τολμήματα
1279 433 1364 442 -
1409 389 1863 478 ἀνηγμένος
1907 391 2045 460 ἐστὶ
2082 393 2304 478 μῦθος
2340 394 2437 471 εἰς
2467 389 2593 478 τὴν
2626 414 2753 460 πα-

447 506 894 590 λιγγενεσίαν,
957 505 1079 570 etsi
1135 502 1382 568 Reiskii
1447 502 1759 570 eorrectio
1824 495 2187 588 ᾐνιγμένος
2244 502 2422 567 certa
2478 503 2595 564 est.
2666 499 2752 566 ef.

447 636 507 697 p.
555 613 640 678 99
668 613 714 678 f.
761 612 893 677 415
920 611 974 676 f:
1024 605 1060 676 ὁ
1110 605 1309 694 λόγος
1359 645 1434 656 -
1485 602 1767 695 ᾐνίχθαι
1816 609 2005 674 δοκεῖ
2048 645 2126 656 -
2177 603 2345 693 πρὸς
2388 601 2510 692 τὴν
2558 603 2752 672 ἐκπύ-

449 735 677 805 ρωσιν.
743 719 872 785 673
902 717 954 783 f:
999 713 1402 800 τῶν,λόγων
1447 753 1520 762 -
1575 723 1716 792 τοῖς
1758 709 2158 802 ᾐνιγμένοις.
2234 715 2360 781 727
2391 714 2449 779 d.
2498 703 2755 780 Cimon.

454 828 553 893 18.
637 823 767 890 Cic.
827 826 926 889 14.
1003 822 1077 888 G.
1134 821 1368 890 Graeh.
1432 822 1534 887 13.
1610 821 1944 906 Aristoph.
2016 821 2181 907 Equ.
2244 822 2395 887 196:
2460 817 2757 907 χρησμὸς

449 926 831 1018 ᾐνιγμένος,
875 930 940 994 h.
989 953 1041 995 e.
1087 923 1224 1015 μετ’
1277 931 1671 1014 αἰνίγματος
1715 925 2108 1012 λελεγμένος
2152 926 2441 1016 (Schol.).

628 1035 733 1102 De
778 1051 906 1102 osu
953 1035 1284 1101 earnium
1319 1035 1406 1100 Il.
1453 1058 1503 1101 e.
1547 1037 1579 1100 1
1635 1033 1726 1121 (p.
1764 1033 2000 1123 996f):
2048 1029 2132 1100 οὐ
2167 1031 2302 1121 μὴν
2346 1029 2494 1102 ἀλλ’
2546 1038 2607 1101 εί
2640 1034 2756 1101 καὶ

450 1141 826 1225 ἀδύνατον,
883 1135 924 1226 ἢ
984 1137 1097 1207 διὰ
1158 1137 1282 1225 τὴν
1337 1137 1715 1227 συνήθειαν
1774 1137 1850 1207 τὸ
1916 1137 2388 1228 ἀναμάρτητον
2440 1139 2756 1228 αἰσχυνό-

452 1274 664 1336 μενοι,
711 1250 801 1340 τῷ
847 1243 1301 1336 ἁμαρτάνοντι
1347 1245 1737 1336 χρησόμεθα
1795 1244 1908 1315 διὰ
1965 1245 2087 1316 τὸν
2144 1247 2385 1334 λόγον,
2443 1246 2756 1335 ἐδεόμεθα

454 1358 729 1444 σάρκας,
787 1351 955 1422 ἀλλὰ
1023 1358 1380 1434 πεινῶντες
1433 1350 1516 1422 οὐ
1575 1357 1986 1442 τρυφῶντες·
2040 1351 2498 1442 ἀναιρήσομεν
2563 1359 2755 1448 ζῷον,

450 1459 594 1531 ἀλλ’
642 1466 1079 1549 οἰκτείροντες
1113 1461 1204 1530 κε’.
1277 1463 1379 1528 Ita
1416 1463 1596 1529 codd.
1632 1462 1782 1548 Xyl.
1822 1465 2126 1530 correxit:
2172 1459 2517 1532 ἀδύνατον
2560 1454 2602 1551 ᾗ
2641 1461 2757 1530 διὰ

449 1566 576 1655 τὴν
634 1587 779 1637 συν.
835 1565 910 1635 τὸ
968 1564 1467 1656 ἀναμάρτητον,
1524 1565 2101 1654 αἰσχυνόμενοι
2157 1568 2307 1659 (pro
2364 1595 2493 1656 quo
2549 1571 2759 1657 wytt.

453 1679 727 1745 coniecit
791 1674 1300 1764 αἰσχυνόμεθα).
1403 1677 1531 1744 Pro
1606 1673 2067 1763 χρησόμεθα
2125 1713 2203 1724 -
2269 1673 2763 1766 ἀναιρήσομεν

456 1784 822 1870 Stephanus
870 1785 1170 1852 coniecit:
1231 1780 1636 1872 χρησώμεθα
1683 1821 1767 1834 —-
1814 1779 2303 1870 ἀναιρήσωμεν.
2375 1783 2761 1852 Duebnerus

456 1887 816 1958 ediditve&
862 1886 997 1975 μὴν
1043 1885 1187 1958 ἀλλ’
1240 1893 1302 1956 εἰ
1343 1889 1454 1956 καὶ
1501 1885 1844 1957 ἀδύνατον
1891 1887 2004 1956 διὰ
2048 1885 2180 1976 τήν
2226 1909 2373 1958 συν.
2418 1889 2493 1959 τὸ
2540 1887 2763 1979 άναμ.,

457 1998 934 2083 αἰσχυνόμενοι
981 2035 1066 2044 ——-
1113 1993 1236 2063 τὸν
1281 1994 1508 2083 λόγον,
1558 1995 1854 2083 ἐδόμεθα
1896 2032 1981 2046 --·
2028 1999 2437 2083 τρυφῶντες·
2482 1995 2761 2087 ἀναιρή-

457 2123 681 2191 σωμεν
725 2109 860 2171 κτλ.
930 2105 1012 2171 In
1049 2106 1280 2190 quibus
1325 2107 1507 2170 nulla
1547 2106 1717 2171 ratio
1756 2106 2181 2191 grammatica
2218 2111 2516 2192 apparet3
2562 2131 2762 2194 appa-

456 2213 625 2278 rebit
691 2212 1058 2279 scribendo:
1123 2205 1468 2278 ἀδύνατον
1532 2207 1647 2278 διὰ
1714 2207 1842 2296 τὴν
1906 2227 2052 2277 συν.
2122 2207 2198 2277 τὸ
2266 2207 2763 2299 ἀναμάρτητον,

457 2321 629 2403 αἰσχ.
683 2320 774 2408 τῷ
835 2313 943 2404 ἀμ.
1003 2315 1395 2403 χρησόμεθα
1460 2315 1574 2384 διά
1636 2341 1818 2384 τινα
1881 2315 2115 2402 λόγους
2174 2315 2469 2404 ἐδόμεθα
2518 2357 2596 2368 -
2652 2343 2761 2370 —-·

459 2422 931 2512 ἀναιρήσομεν,
978 2429 1053 2491 ut
1096 2426 1198 2491 his
1244 2427 1711 2510 posterioribus
1759 2427 2001 2510 priora:
2060 2443 2247 2511 χρησ.
2295 2423 2409 2494 διά
2454 2452 2607 2494 τινα
2652 2425 2763 2495 λό-

463 2558 588 2619 γον
636 2534 1054 2620 explicentur.
1097 2571 1173 2580 -
1214 2533 1313 2600 De
1352 2555 1489 2619 cap.
1530 2535 1572 2599 2
1621 2531 1712 2619 (p.
1743 2531 1957 2621 9971))
2006 2534 2137 2601 dixi
2176 2557 2374 2621 supra
2408 2535 2477 2602 in
2514 2559 2574 2622 p.
2612 2535 2761 2603 930.

644 2639 714 2707 O.
761 2641 806 2713 3
847 2638 939 2725 (p.
988 2642 1116 2706 997
1142 2640 1236 2728 f):
1301 2634 1469 2706 ἀλλὰ
1523 2639 1635 2706 καὶ
1692 2641 1823 2706 νῦν
1881 2647 2041 2717 ἴσως
2084 2636 2589 2727 ἁμαρτάνομεν,
2637 2639 2763 2710 ὅτε

460 2744 848 2832 ἁψώμεθα
892 2750 1030 2815 τῶν
1066 2750 1351 2832 βιβλίων
1392 2743 1673 2831 τούτων,
1719 2742 1809 2831 μὴ
1845 2745 2335 2834 καθαιρόμενοι
2371 2760 2594 2833 χεῖρας
2630 2755 2764 2817 κτλ.

467 2853 651 2932 Quod
707 2853 887 2920 codd.
941 2856 1258 2940 praebent
1313 2850 1442 2920 ὅτε
1487 2850 1874 2941 ἁψώμεθα
1918 2878 2051 2921 non
2099 2855 2180 2921 ad
2226 2850 2392 2921 ὅταν
2435 2850 2765 2942 ἁψώμεθα

463 2961 820 3045 Duebneri‚
885 2961 1056 3046 quod
1111 2983 1246 3025 non
1301 2962 1514 3027 minus
1559 2962 1853 3049 ineptum
1900 2967 2027 3046 est,
2088 2963 2294 3047 ducib,
2360 2964 2470 3028 sed
2516 2965 2599 3030 ad
2646 2960 2764 3031 ὅτι

463 3063 877 3153 ἡψάμεθα,
925 3068 1095 3153 quod
1143 3070 1208 3131 et
1253 3069 1578 3133 sententia
1624 3071 1691 3133 et
1736 3091 1889 3133 usus
1936 3068 2289 3154 requirunt.

641 3174 890 3240 Ibidem
947 3179 1112 3239 extr:
1173 3168 1254 3237 τὰ
1279 3176 1282 3179 ’
1310 3171 1378 3239 δὲ
1429 3171 1855 3259 Πυθαγόρου
1909 3173 2020 3241 καὶ
2079 3170 2597 3261 Ἐμπεδοκλέους
2657 3176 2766 3246 δό-

466 3306 680 3369 γματα
727 3278 928 3366 νόμοι
983 3280 1120 3347 τῶν
1165 3282 1471 3347 παλαιῶν
1516 3270 1693 3366 ἦσαν
1731 3276 2073 3367 Ἑλλήνων
2128 3282 2257 3348 καὶ
2312 3286 2594 3370 πυρίαι
2636 3286 2768 3353 καὶ

468 3392 794 3456 δίαιται.
868 3387 1207 3453 Postrema.
1244 3389 1440 3454 verba
1475 3388 1822 3455 manifesbo
1861 3393 2166 3474 corrupta
2203 3392 2375 3455 varie
2404 3393 2767 3479 corrigunt3

467 3499 683 3582 Wytt.
744 3496 1129 3581 suspicatur:
1181 3490 1525 3581 Ἑλλήνων
1580 3494 1691 3561 καὶ
1746 3494 2044 3581 καθαραὶ
2102 3498 2369 3564 δίαιται.
2457 3499 2585 3565 Pro
2631 3522 2768 3567 πυ-

470 3605 638 3689 ρίαι
677 3604 789 3668 alii
823 3604 1172 3671 coniciunt:
1221 3602 1473 3688 ῥῆτραι.
1503 3640 1583 3650 ——
1619 3600 1773 3667 Sine
1811 3603 2005 3668 dubio
2045 3603 2479 3670 scribendum:
2522 3605 2652 3672 καὶ
2690 3609 2776 3674 αἱ

471 3708 762 3794 ἄπυροι
819 3711 1156 3794 δίαιται,
1219 3711 1262 3775 i.
1307 3731 1359 3775 e.
1417 3704 1498 3775 τὰ
1543 3713 1728 3774 Πυθ.
1786 3708 1897 3775 καὶ
1939 3703 2122 3795 Ἐμπ.
2184 3706 2485 3797 δόγματα
2542 3712 2653 3779 καὶ
2700 3716 2776 3779 αἱ

471 3815 716 3903 ἄπυροι
765 3818 1011 3882 δίαιται
1058 3806 1234 3901 ἦσαν
1281 3815 1479 3900 νόμοι
1525 3818 1663 3883 τῶν
1709 3815 2013 3882 παλαιῶν
2048 3811 2407 3902 Ἑλλήνων.
2498 3820 2575 3885 ef.
2623 3842 2769 3907 pag.

345 3935 362 3953 ⁶
472 3927 601 3992 956
621 3949 680 3993 c:
734 3922 808 3991 τὸ
868 3925 1004 3990 τῶν
1061 3919 1450 4009 ἀνθρώπων
1511 3918 1754 4008 σχεδὸν
1798 3919 2017 4010 μόνον
2063 3918 2206 3990 οἶδε
2251 3922 2463 4013 πυρὸς
2507 3927 2769 4011 χρῆσιν,

471 4028 551 4098 τὰ
601 4030 676 4099 δὲ
721 4027 918 4099 λοιπὰ
964 4025 1300 4115 ἀπύροις
1346 4031 1581 4117 χρῆται
1628 4031 1976 4109 διαίταις
2021 4029 2131 4097 καὶ
2167 4042 2465 4118 τροφαῖς.
2530 4032 2771 4102 Sertor.

480 4141 587 4205 12:
638 4140 902 4204 δίαιταν
948 4134 1226 4224 ἄπυρον.
1318 4138 1619 4205 Ceterum
1666 4138 2113 4224 Pythagoreos
2159 4132 2442 4225 ἀπύροις
2486 4140 2771 4219 διαίταις

475 4270 628 4313 usos
674 4246 875 4312 fuisse
921 4246 1092 4310 inter
1139 4268 1363 4311 omnes
1411 4247 1687 4311 constat.

654 4351 722 4418 O.
769 4353 810 4417 5
869 4356 1140 4417 extrem:
1207 4358 1349 4430 ἴσος
1395 4376 1499 4436 γε,
1555 4341 1607 4416 ὦ
1655 4352 1817 4417 θεοί
1862 4388 1933 4398 --
1990 4388 2074 4398 ——
2124 4345 2162 4437 ἢ
2212 4350 2440 4439 ἕτερον
2488 4354 2773 4433 οἰκεῖον;
