3200 5175
1268 330 1779 396 —63—-·

338 514 580 592 φοραῖς
634 500 759 590 τὴν
817 502 1106 590 σελήνην
1153 501 1320 573 κατὰ
1365 507 1544 591 μῆνα
1589 516 1737 584 ταῖς
1780 507 2142 591 μεγίσταις·
2209 502 2435 591 πρώτη
2482 503 2629 590 μέν,

338 605 449 675 ὅτε
492 606 850 697 κρύπτεται
897 630 1009 657 --·
1057 610 1336 697 δευτέρα
1383 608 1456 677 δὲ
1504 606 1671 677 ὅταν
1702 646 1782 659 ——
1815 648 1901 659 ——
1947 610 2243 697 γένηται·
2288 614 2478 697 τρίτη
2527 610 2625 695 δέ,

337 717 417 802 τῇ
462 714 615 800 περὶ
650 714 776 801 τὴν
811 714 1157 802 πλήρωσιν
1204 712 1408 802 αὐτῆς
1449 715 1880 803 πανσελήνου
1926 716 2307 805 γενομένης.
2400 717 2626 785 Oratio

339 825 598 891 soloeca
633 828 752 890 est.
816 823 1260 891 Scribendum:
1306 821 1574 911 πρώτῃ
1618 822 1744 911 μὲν
1772 863 1883 911 -,
1924 821 2377 913 δευτέραδὲ
2409 862 2486 873 -
2522 859 2632 908 -‚

333 932 562 1016 τρίτῃ
619 926 694 995 δὲ
737 929 817 1016 τῇ
871 928 1022 1011 περὶ
1065 926 1190 1015 τὴν
1247 936 1351 997 πλ.
1442 931 1657 1009 Quam
1703 934 2169 998 correctionem
2216 953 2439 998 veram
2484 953 2627 997 esse

339 1040 598 1120 praeter
643 1036 772 1102 alia
816 1036 1064 1102 indicat
1105 1038 1186 1124 τῇ
1231 1041 1382 1122 post
1426 1040 1613 1124 τρίτῃ
1662 1037 1743 1104 δέ
1781 1039 2095 1124 positum,
2155 1039 2329 1123 quod
2376 1036 2625 1103 Madvi-

341 1141 488 1227 gius
531 1162 875 1227 perperam
921 1143 1204 1209 sustulit.

519 1246 590 1314 Ο.
615 1249 706 1315 42
738 1247 829 1336 (Ρ.
847 1249 980 1315 275
998 1247 1071 1336 b)
1108 1250 1538 1316 scribendum:
1583 1246 1694 1316 διὸ
1747 1251 2044 1333 [τοῦ]τον
2080 1257 2301 1318 αἴτιον
2344 1248 2457 1317 καὶ
2502 1246 2630 1335 φύ-

337 1361 505 1422 λακα
549 1357 902 1422 ποιοῦνται
947 1356 1064 1441 τῆς
1107 1351 1560 1442 εὐδαιμονίας.

513 1461 583 1529 O.
629 1462 718 1527 46
764 1461 852 1549 (p.
899 1465 1030 1529 276
1050 1463 1144 1550 a):
1190 1466 1252 1531 εί
1293 1462 1524 1550 μέντοι
1577 1460 1703 1550 τήν
1749 1461 1935 1553 ὥραν
1983 1461 2211 1550 ὀρθῶς
2254 1459 2291 1531 ὁ
2341 1458 2623 1547 Λαβεὼν

335 1562 462 1635 ἀπὸ
519 1569 645 1635 τοῦ
695 1573 1052 1657 παρορμᾶν
1097 1565 1495 1658 ὠνομάσθαι
1544 1571 1884 1658 δέδειχε,
1930 1572 2103 1658 quod
2157 1594 2327 1637 unus
2372 1568 2449 1635 E.
2497 1570 2627 1654 dat,

337 1676 530 1741 ceteri
587 1698 810 1741 omnes
865 1676 1296 1761 δέδεικται,
1361 1679 1531 1744 unde
1589 1679 1999 1745 scribendum
2047 1681 2347 1762 apparet:
2413 1675 2626 1759 δέδε-

333 1804 528 1848 κται.
622 1780 932 1849 Similiter
979 1806 1043 1867 p.
1092 1784 1262 1851 1006
1293 1785 1360 1850 d:
1417 1783 1737 1851 δεκτέον
1793 1779 2050 1870 ὄργανα
2089 1820 2174 1831 -
2219 1779 2301 1849 τὰ
2355 1778 2626 1867 σώματα

332 1889 468 1953 τῶν
517 1884 702 1978 ζῴων
747 1886 1080 1973 λέγεσθαι.
1158 1891 1236 1956 cf.
1283 1890 1416 1957 415
1443 1892 1500 1957 d.
1552 1892 1723 1957 1023
1744 1891 1805 1957 b.
1886 1891 2061 1957 Male
2106 1890 2311 1977 igitur
2356 1890 2629 1956 Duebne

334 2018 446 2061 rus
490 2018 737 2061 meram
782 1998 1248 2063 correctionem
1294 1995 1546 2083 δέδειχε
1589 1999 1853 2083 recepit.

513 2100 582 2169 O.
611 2103 696 2169 49
729 2100 818 2189 (p.
846 2104 978 2170 276
1008 2102 1069 2190 c)
1108 2103 1308 2170 scrib:
1336 2102 1917 2190 παραγγέλλοντας
1950 2098 2199 2188 ἀρχήν
2235 2123 2353 2188 pro
2382 2097 2631 2187 ἄρχειν.

338 2207 800 2293 Magistratum
867 2214 1087 2295 petere
1151 2232 1376 2297 graece
1440 2211 1675 2277 dicitur
1732 2208 2214 2296 παραγγέλλειν
2274 2206 2629 2296 (μετιέναι)

335 2309 568 2399 ἀρχήν,
614 2337 748 2381 non
793 2310 1039 2401 ἄρχειν.
1129 2315 1436 2382 Similiter
1479 2340 1542 2402 Ρ.
1586 2317 1715 2382 467
1748 2316 1791 2380 d
1848 2319 2021 2381 recte
2076 2314 2445 2400 Madvigius
2492 2337 2633 2380 cor-

334 2422 501 2486 rexit
546 2416 759 2506 ἀρχὴν
805 2421 1369 2508 παραγγέλλων
1409 2420 1554 2510 (pro
1589 2446 1742 2489 τινα
1777 2423 1990 2488 τελῶν
2027 2452 2111 2475 ==
2139 2421 2631 2488 ΠΡΑΓΕΛωΝ.

337 2530 386 2594 Ν
419 2558 504 2581 =
537 2524 624 2596 Γ).
671 2530 722 2594 Τ
752 2558 836 2582 ==
868 2527 936 2619 Γ)
992 2526 1371 2618 διήμαρτες;
1445 2530 1633 2609 Quod
1688 2528 1970 2597 Cobetus
2025 2527 2362 2616 proposuit
2416 2520 2628 2612 ἀρχὴν

333 2631 580 2721 μετιών
626 2659 666 2702 a
710 2637 890 2702 codd.
936 2638 1211 2705 lectione
1255 2639 1515 2706 recedit.

512 2743 714 2810 Paulo
761 2748 913 2829 post
966 2746 1153 2812 scrib.
1205 2747 1653 2830 παραγγελίας
1704 2768 1824 2830 pro
1882 2743 2283 2830 ἐπαγγελίας.
2365 2742 2627 2809 Utrum-

334 2873 462 2938 que
511 2850 672 2917 Mcz.
729 2853 1067 2939 occupavit
1121 2849 1208 2939 (v.
1267 2851 1478 2935 Wytt.
1544 2850 1911 2935 animadv).
1993 2848 2117 2915 Sed
2173 2871 2399 2914 omnes
2444 2848 2629 2914 editt.

335 2957 539 3024 falsas
583 2958 895 3024 lectiones
938 2958 1236 3024 retinent.

513 3061 584 3132 O.
630 3063 852 3151 51·(p.
896 3065 1025 3131 277
1058 3062 1151 3150 a):
1198 3064 1271 3131 οί
1307 3061 1459 3149 περὶ
1499 3062 1904 3150 Χρύσιππον
1958 3069 2217 3130 οἴονται
2262 3058 2630 3147 φιλόσοφοι

332 3171 560 3256 φαῦλα
619 3167 938 3256 δαιμόνια
1001 3181 1452 3258 περινοστεῖν,
1508 3161 1612 3248 οἷς
1675 3172 1748 3236 οἱ
1770 3168 1949 3260 ,θεοὶ
2014 3171 2281 3255 δημίοις
2338 3169 2629 3254 χρῶνται

333 3282 684 3354 κολασταῖς
737 3275 843 3343 ἐπὶ
895 3271 1055 3355 τοὺς
1108 3273 1428 3354 ἀνοσίους
1469 3273 1580 3342 καὶ
1635 3271 1913 3352 ἀδίκους
1964 3269 2389 3361 ἀνθρώπους.
2471 3271 2627 3340 Cor-

334 3401 675 3487 rigendum
710 3405 900 3487 puto:
939 3403 1205 3487 δημίοις
1239 3401 1528 3487 χρῶντΑΙ
1565 3375 1731 3483 [κΑῙ]
1768 3405 2135 3476 κολασταῖς.
2208 3397 2303 3464 Cf.
2330 3420 2393 3482 Ρ.
2423 3397 2551 3466 828
2571 3396 2627 3463 f:

333 3504 655 3587 κολαστὰς
717 3506 830 3574 καὶ
890 3510 1429 3594 δημοκοίνους
1472 3507 1596 3593 (=
1645 3503 1975 3593 δημίους).
2055 3505 2186 3571 498
2223 3504 2291 3571 d:
2347 3504 2630 3589 δημίους

332 3613 656 3700 τρέφουσι
699 3613 811 3682 καὶ
856 3610 1278 3698 βασανιστάς.

517 3720 588 3788 O.
625 3723 712 3789 56
749 3723 840 3809 (Ρ.
877 3708 1009 3788 278
1034 3721 1135 3808 b):
1182 3720 1438 3805 λέγεται
1483 3717 1611 3806 γάρ
1647 3744 1748 3800 τις
1790 3717 2013 3805 λόγος,
2050 3713 2141 3797 ὥς
2186 3713 2629 3802 ἐκωλύθησαν

339 3865 417 3876 —-
457 3866 577 3914 --‚
622 3827 992 3896 συνέθεντο
1046 3823 1381 3912 ἀλλήλαις.
1439 3827 1581 3908 ‚Ad
1638 3829 1953 3894 orationis
2014 3826 2457 3914 integritatem
2512 3826 2631 3890 ali-

336 3935 490 4022 quid
536 3935 950 4002 desideratur.
1023 3934 1244 4019 Wytt:
1299 3928 1402 4000 ὅτι
1449 3929 1538 4012 ὥς
1593 3930 2064 4018 ἐκωλύθησαν,
2118 3933 2221 3998 vel
2281 3925 2372 4008 ὥς
2422 3935 2637 4006 κωλυ-

332 4046 580 4107 θεῖσαι.
659 4040 854 4109 Forte
897 4044 1190 4128 praestat
1234 4035 1326 4118 ὥς
1374 4038 1566 4124 [ἐπεὶ]
1616 4036 2075 4124 ἐκωλύθησαν.

515 4147 585 4215 O.
648 4149 732 4215 57
797 4146 888 4236 (Ρ.
941 4151 1071 4216 278
1109 4146 1202 4237 c):
1267 4142 1308 4232 ἡ
1370 4144 1655 4214 λύκαινα
1725 4143 1851 4232 τὴν
1920 4140 2147 4230 θηλὴν
2216 4143 2626 4229 παρέσχεν.

335 4253 603 4324 Rectius
651 4256 955 4324 scribitur
999 4255 1070 4320 in
1113 4278 1175 4341 p.
1221 4256 1351 4321 268
1381 4254 1434 4320 f:
1489 4249 1532 4340 ἡ
1577 4250 1867 4320 λύκαινα
1920 4245 2147 4336 θηλὴν
2202 4247 2517 4334 ἐπεῖχεν
2564 4253 2630 4316 et

334 4385 398 4447 p.
443 4362 576 4430 320
605 4361 673 4428 d:
719 4357 946 4447 θηλὴν
993 4360 1297 4446 ἐπέσχεν,
1353 4362 1465 4427 sed
1509 4365 1664 4446 post
1714 4382 1924 4446 pauca.
1977 4359 2093 4443 τῆς
2145 4355 2365 4440 θηλῆς
2408 4347 2496 4438 ἣν
2547 4393 2622 4406 —

338 4467 665 4559 παρέσχεν
719 4469 1055 4536 varietatis
1111 4489 1322 4535 causa.
1402 4490 1463 4553 p.
1510 4469 1552 4534 3
1581 4490 1643 4534 c:
1700 4462 1859 4544 τοὺς
1910 4461 2219 4552 μασθοὺς
2271 4458 2629 4549 ὑπέχειν,
