3200 5175
1265 316 1701 379 -79-

331 488 422 577 μὴ
488 493 826 576 μονογενῆ
889 486 1047 577 μηδ’
1117 470 1372 577 ἔρημον
1434 487 1607 558 εἶναι
1670 488 1790 558 τὸν
1843 490 2112 579 κόσμον.
2204 494 2307 559 Ita
2366 494 2629 579 scripsit

331 597 718 665 Duebnerus
731 651 749 685 ‚
807 603 923 664 aut
967 597 1246 665 fortasse
1291 599 1655 683 typotheta.
1744 598 1921 665 Bene
1967 600 2183 685 wytt:
2226 596 2302 666 τὸ
2350 601 2445 689 τῷ
2488 602 2629 689 θεῷ

328 700 422 791 μὴ
468 706 842 791 μονογενῆ,
895 708 970 770 ut
1013 727 1065 771 c.
1113 706 1224 771 23:
1281 704 1402 771 ἕνα
1444 706 1689 771 τοῦτον
1734 700 1907 771 εἶναι
1952 708 2287 791 μονογενῆ
2330 708 2423 797 τῷ
2468 708 2632 797 θεῷ.

513 812 584 881 Ο.
628 813 716 879 28
773 810 863 899 (Ρ.
907 812 1041 878 425
1070 811 1140 897 (1)
1197 836 1316 899 pro
1373 814 1838 897 διανοῆσαι,
1898 814 2071 898 quod
2124 834 2427 899 graecum
2482 835 2629 879 esse

327 941 530 1005 nege,
594 919 1002 985 scribendum
1069 921 1210 985 ἰδία
1264 920 1540 1004 νοῆσαι,
1602 921 1707 987 vel
1764 920 2146 1006 simplieilzer
2197 922 2459 1005 νοῆσαι.
2549 921 2629 986 cf.

326 1048 378 1092 c.
427 1027 545 1093 26:
599 1020 860 1112 ἄπορον
915 1025 1054 1093 ἐστι
1099 1064 1188 1073 -—
1233 1026 1492 1113 νοῆσαι.
1585 1032 2036 1093 Διανοεῖσθαι
2080 1029 2253 1095 enim
2296 1050 2433 1095 non
2478 1050 2629 1093 con-

325 1134 524 1199 venit.

512 1238 583 1307 Ο.
620 1241 706 1305 29
747 1239 836 1327 (Ρ.
874 1242 1008 1309 425
1034 1240 1124 1328 f):
1173 1241 1392 1307 ἔπειτα
1435 1244 1538 1319 τίς
1581 1236 1839 1326 ἀνάγκη
1886 1238 2175 1321 πολλοὺς
2220 1238 2395 1309 εἶναι
2434 1246 2630 1325 Δίας,

326 1340 414 1413 ἂν
470 1348 834 1424 πλείονες
887 1336 1012 1414 ὦσι
1058 1342 1328 1432 κόσμοι,
1382 1346 1494 1413 καὶ
1540 1344 1631 1433 μὴ
1676 1341 1853 1413 καθ’
1905 1346 2236 1414 ἕκαστον
2280 1344 2627 1470 ἄρχοντα

323 1455 643 1537 πρῶτον
706 1452 819 1519 καὶ
871 1448 1169 1539 ἡγεμόνα
1220 1454 1346 1519 τοῦ
1399 1449 1566 1521 ὅλου
1620 1451 1790 1522 θεὸν
1846 1456 2083 1539 ἔχοντα
2136 1452 2248 1519 καὶ
2294 1456 2466 1521 νοῦν
2511 1448 2624 1520 ud).

325 1557 556 1645 λόγον.
647 1560 859 1647 Wytt.
915 1562 1185 1627 mavult:
1250 1559 1369 1628 ἕνα
1425 1585 1711 1647 αρχοντα
1765 1561 2036 1629 πάντων
2090 1559 2201 1627 καὶ
2256 1556 2439 1646 ἡγεμ.
2426 1609 2471 1644 .,
2497 1563 2629 1627 vel

322 1662 490 1733 καθ’
555 1666 676 1733 ἕνα
729 1664 851 1733 τὸν
906 1664 1196 1754 ἄρχοντα
1249 1664 1523 1735 πάντων
1577 1661 1690 1735 καὶ
1745 1662 1933 1754 ἡγεμ.
1977 1706 2067 1715 —-
2118 1667 2454 1735 Fortasse·
2516 1665 2629 1732 καὶ

319 1771 415 1859 μὴ
482 1768 644 1840 ἀνθ’
715 1771 1012 1841 ἑκάστων
1075 1773 1195 1840 ἕνα
1259 1770 1552 1859 ἄρχοντα
1607 1775 1918 1861 πρῶτον
1972 1774 2105 1861 (vel
2159 1770 2461 1861 πάντων)
2517 1772 2629 1841 καὶ

321 1876 516 1966 fima-
563 1886 698 1947 κτλ·

507 1986 576 2055 Ο.
613 1990 700 2054 36
725 1986 817 2073 (Ρ.
849 1989 980 2055 429
997 1986 1094 2074 (1);
1137 1984 1421 2054 ἑαυτὸν
1463 1987 1669 2055 πάλιν
1706 1983 2079 2055 ἀποδίδωσι
2110 1987 2223 2075 (se.
2263 1985 2304 2073 ἡ
2341 1952 2629 2075 πεντάς).

322 2096 567 2163 Immo:
617 2092 878 2179 ἑαυτήν.

509 2199 578 2268 Ο.
617 2202 700 2266 37
753 2201 843 2289 (Ρ.
889 2202 1022 2267 430
1050 2199 1112 2289 e)
1158 2223 1193 2266 e
1230 2201 1485 2267 Platon.
1524 2202 1689 2267 Tim.
1725 2225 1786 2286 p.
1835 2202 1921 2267 52
1951 2224 1985 2265 e
2040 2202 2275 2287 corrig:
2320 2214 2461 2279 τοῖς
2495 2197 2629 2269 ὑπὸ

321 2310 464 2375 τῶν
507 2304 867 2376 πλοκάνων
918 2346 992 2355 -
1046 2305 1549 2393 ἀνικμωμένοις.

508 2411 578 2478 Ο.
623 2415 711 2480 43
756 2412 845 2501 (Ρ.
890 2416 1024 2480 434
1054 2414 1117 2502 a)
1175 2411 1313 2482 εἶτα
1368 2412 1575 2482 πάλιν
1634 2414 1773 2481 ἐκεῖ
1814 2410 1925 2480 διὰ
1971 2410 2237 2501 χρόνων
2284 2413 2627 2499 ἐπιφαινο-

325 2520 498 2606 μένη
559 2527 701 2599 τοῖς
765 2516 993 2599 αὐτοῖς
1046 2515 1090 2608 ἢ
1145 2526 1434 2608 πλησίον
1487 2516 1935 2608 ὑπορρέοντα·
1998 2519 2109 2587 καὶ
2164 2517 2507 2608 μετάλλων
2550 2517 2625 2588 τὸ

325 2625 452 2713 μὲν
507 2626 994 2716 ἐξαμαυρώσεις
1038 2629 1386 2716 γεγονέναι
1433 2626 1700 2713 κενάς,
1754 2624 1843 2706 ὦς
1887 2630 2023 2696 τῶν
2068 2628 2219 2717 περὶ
2264 2624 2387 2714 τὴν
2427 2624 2627 2696 'Avu-

325 2731 456 2821 κὴν
501 2729 909 2821 ἀργυρείων,
953 2735 1065 2804 καὶ
1110 2739 1229 2822 τῆς
1273 2737 1349 2806 ἐν
1393 2731 1655 2825 Εὐβοίᾳ
1701 2738 2079 2822 χαλκίτιδος
2120 2774 2194 2784 -
2241 2773 2320 2817 ···.·
2338 2757 2351 2771 ·
2404 2737 2523 2820 τῆς
2561 2731 2625 2800 δ’

327 2840 404 2910 ἐν
467 2841 802 2932 Καρύστῳ
865 2842 1133 2928 πέτρας,
1197 2841 1443 2932 χρόνος
1507 2839 1592 2911 οὐ
1655 2840 1893 2926 πολύς,
1957 2839 2075 2929 ἀφ’
2144 2832 2231 2910 οὗ
2282 2843 2627 2910 πέπαυται.

328 2949 663 3034 Xylander
706 2951 1050 3036 legendum
1101 2952 1357 3018 monuit
1394 2945 1508 3015 διὰ
1545 2946 1814 3036 χρόνον.
1878 2951 2094 3034 Wytt:
2140 2945 2627 3035 ἐπιφαινόμενα

325 3067 467 3134 τοῖς
510 3056 740 3134 τόποις
783 3050 826 3142 ἢ
871 3061 1158 3143 πλησίον
1202 3053 1438 3144 ὑπορρ.
1483 3054 1594 3122 καὶ
1640 3053 1983 3142 μετάλλων
2030 3061 2256 3142 ἴσμεν
2304 3055 2479 3142 ἐξαμ.
2526 3080 2627 3142 γε·

326 3162 600 3248 γονέναι
647 3160 879 3241 κενὰς
917 3200 1002 3212 --
1046 3203 1122 3212 -—
1169 3203 1252 3212 —-
1297 3166 1416 3248 τῆς
1457 3159 1518 3230 τ’
1570 3163 1644 3229 ἐν
1693 3168 1774 3230 Κ.
1820 3163 2082 3247 πέτρας,
2127 3153 2170 3250 ᾖ
2215 3161 2457 3251 χρόνος
2492 3167 2629 3228 κτλ.

329 3293 492 3355 quae
537 3270 922 3338 Duebnerus
967 3275 1225 3358 recepit.
1275 3311 1351 3319 —
1405 3270 1639 3340 Cetera
1683 3272 1868 3356 bene,
1913 3271 2043 3336 nisi
2090 3271 2263 3355 quod
2308 3276 2500 3354 ἴσμεν
2538 3308 2623 3318 --

329 3377 702 3463 γεγονέναι·
729 3379 1056 3446 soloecum
1101 3385 1204 3446 est
1249 3383 1441 3465 atque
1485 3379 1604 3462 τῆς
1649 3372 1709 3443 τ’
1762 3377 1838 3445 ἐν
1882 3381 1965 3442 Κ.
2010 3375 2251 3462 πέτρας
2293 3364 2336 3461 ᾖ
2383 3373 2628 3461 χρόνος

329 3485 490 3550 mihi
550 3485 808 3570 quidem
864 3509 999 3553 non
1043 3487 1426 3571 probantur.
1513 3484 1821 3550 Fortasse
1878 3482 2073 3548 scrib:
2126 3480 2239 3548 καὶ
2284 3477 2627 3566 μετάλλων

331 3615 406 3676 γε
449 3588 589 3676 μὴν
637 3591 947 3678 ἐξαμαυρ.
987 3597 1118 3678 aut,
1165 3595 1222 3660 si
1255 3589 1330 3658 τὸ
1369 3590 1496 3677 μέν
1530 3591 1697 3657 bene
1734 3612 1805 3656 se
1838 3590 2101 3672 habeat,
2146 3589 2397 3673 aliquot
2430 3589 2628 3654 verba

329 3703 481 3782 post
527 3698 720 3784 ξίφος
781 3700 1090 3766 excidisse
1135 3698 1511 3785 putandum.
1601 3697 1827 3764 Oratio
1875 3696 1957 3762 ab
2003 3695 2350 3764 indicativo
2398 3701 2627 3781 eoepssa

330 3805 397 3870 in
441 3805 834 3874 infinitivum
845 3857 865 3892 ‚
917 3811 993 3872 ut
1038 3828 1228 3890 saepe
1239 3857 1257 3891 ‚
1302 3805 1586 3872 defluxit.
1670 3803 1921 3871 Deinde
1965 3806 2139 3870 recte
2186 3803 2446 3870 dicitur:
2509 3804 2627 3887 τῆς

331 3906 392 3976 δ’
453 3909 530 3980 ἐν
577 3909 909 4002 Καρύστῳ
964 3911 1205 4000 πέτρας
1249 3919 1384 3979 κτλ.
1440 3914 1483 3978 i.
1529 3935 1580 3978 e.
1650 3912 1822 3997 quod
1869 3915 2083 3978 autem
2132 3909 2214 3974 ad
2260 3907 2625 3994 Carystiam

331 4041 556 4104 rupem
603 4020 856 4104 attinet,
897 4041 1034 4086 non
1079 4021 1189 4086 diu
1235 4024 1335 4086 est
1379 4019 1540 4104 quo>
1554 4019 1750 4086 desiit
1793 4022 1913 4084 etc.

507 4123 578 4192 Ο.
620 4127 708 4192 49
755 4127 845 4210 (Ρ.
891 4128 1020 4192 437
1053 4125 1120 4214 a)
1177 4128 1252 4192 οἱ
1288 4121 1418 4212 γὰρ
1466 4127 1663 4212 ἱερεῖς
1706 4123 1817 4190 καὶ
1862 4120 2040 4190 ὅσιοι
2085 4119 2289 4190 θύειν
2335 4122 2501 4208 φασὶ
2545 4120 2621 4189 τὸ

331 4232 576 4318 ἱερεῖον
640 4230 752 4298 καὶ
813 4231 1296 4299 κατασπένδειν
1357 4230 1468 4298 καὶ
1531 4229 1657 4316 τὴν
1716 4235 1986 4315 κίνησιν
2044 4268 2130 4278 —-
2185 4224 2627 4315 ἀποθεωρεῖν,

334 4335 608 4425 ἑτέρου
667 4337 890 4416 τινὸς
955 4332 1177 4404 τοῦθ’
1247 4333 1439 4423 ἡμῖν
1501 4331 1549 4422 ἢ
1608 4339 1733 4402 τοῦ
1794 4333 2219 4422 θεμιστεύειν
2275 4333 2398 4402 τὸν
2452 4334 2624 4405 θεὸν

329 4443 802 4530 λαμβάνοντες.
891 4445 1240 4531 Wyttenb:
1305 4441 1553 4530 ἑτέρου
1610 4439 1911 4521 οὐδενὸς
1962 4440 2038 4510 τὸ
2098 4453 2407 4528 σημεῖον,
2462 4466 2626 4532 quae
