3200 5175
1221 332 1657 397 ...67-

288 533 501 577 sermo
539 512 655 577 est.
727 510 806 575 In
851 512 1126 595 utroque
1163 510 1308 575 loco
1343 514 1517 575 recte
1554 510 1791 595 legitur
1826 513 2151 593 Μαλλοῖς,
2189 508 2359 593 quod
2388 511 2583 575 etiam

283 620 392 685 hic
437 618 911 685 restituendum
958 617 1226 683 videtur.
1299 616 1394 683 Cf.
1441 620 1663 683 annot.
1709 638 1885 683 meas
1931 617 2001 683 in
2046 640 2109 701 p.
2154 616 2283 681 341
2316 638 2367 681 c.

467 724 609 813 024
646 721 736 809 (p.
777 723 907 789 328
935 722 1007 807 b)
1043 722 1411 808 legendum:
1460 716 1623 787 οὐδὲ
1654 718 1881 799 πόλεις
1909 717 2303 807 Ἑλληνίδας
2339 721 2583 807 ἐγκτί-

291 838 558 912 ζοντες
637 852 754 916 pro
827 828 1256 907 έπικτίζοντες
1271 876 1292 912 ,
1355 829 1528 914 quod
1606 829 1815 895 adhuc
1896 830 2133 914 editur,
2196 852 2587 916 quamquam

288 939 488 1023 paulo
529 935 687 1022 'post
728 941 1008 1022 prostat:
1052 931 1280 1012 πόλεις
1322 933 1688 1020 βαρβάροις
1734 937 2009 1001 ἔθνεσιν
2056 934 2433 1021 ἐγκτίσας.

465 1044 714 1111 Ibidem
757 1066 819 1128 p.
865 1044 994 1110 328
1026 1066 1087 1108 e:
1134 1040 1246 1107 καὶ
1283 1046 1723 1128 κατασπείρας
1757 1038 1882 1127 τὴν
1920 1036 2147 1109 Ἀσίαν
2172 1038 2587 1128 Ἑλληνικοῖς

294 1128 574 1219 ΤέΛΕΕΙ.
663 1148 888 1216 Τέλεσι
931 1149 1282 1215 manifesto
1329 1149 1566 1215 falsum
1614 1154 1737 1235 est:
1796 1172 1991 1235 quare
2048 1149 2351 1216 Reiskius
2398 1152 2585 1215 ἔθεσι

290 1240 578 1325 coniecit.
661 1257 877 1343 Wytt:
925 1255 1162 1341 γένεσι.
1244 1255 1499 1342 Patzig:
1535 1252 1801 1341 κήδεσι,
1848 1257 1961 1322 alii
2009 1258 2155 1323 alia.
2238 1257 2364 1323 Sed
2420 1259 2585 1324 nihil

286 1366 430 1431 loco
479 1365 754 1451 quadrat
797 1386 1006 1449 neque
1049 1364 1312 1429 omnino
1359 1363 1693 1429 satisfacit.
1768 1362 2155 1430 Plutarchus
2195 1366 2585 1431 sententiam

286 1473 767 1539 antecedentem
795 1471 1076 1537 breviter
1101 1470 1449 1556 repetendo
1477 1468 1943 1555 complectitur,
1969 1471 2035 1535 id
2065 1471 2237 1557 quod
2264 1472 2335 1536 in
2369 1472 2587 1537 huius-

289 1578 464 1645 modi
521 1580 924 1646 orationibus
981 1579 1240 1663 saepius
1297 1578 1452 1663 agit.
1537 1575 1959 1645 Scribendum
2013 1578 2241 1663 igitur:
2285 1572 2583 1662 Ἑλληνι-

290 1714 465 1781 καῖς
507 1678 808 1770 ΠὸΛεει.
881 1706 947 1770 Π
976 1734 1060 1757 =
1090 1704 1156 1769 τ.
1233 1704 1286 1769 0
1318 1732 1402 1755 =
1432 1704 1492 1768 ε.

470 1808 538 1875 C.
587 1812 626 1876 8
673 1809 761 1897 (p.
810 1810 941 1877 330
968 1808 1070 1897 b):
1118 1810 1478 1897 ἐρεθίζεται
1532 1806 1664 1895 γὰρ
1710 1804 1842 1876 ὑπὸ
1898 1810 2035 1875 τῶν
2088 1807 2457 1897 χρωμάτων
2500 1805 2582 1875 τὰ

292 1918 421 2005 ζῷα
465 1914 727 1983 τούτων
781 1916 892 1982 καὶ
955 1918 1545 2003 διαθηριοῦται.
1640 1915 1790 1983 Sine
1845 1918 2042 1983 dubio
2102 1917 2585 2003 corrigendum:

286 2022 753 2109 έκθηριοῦται,
806 2026 965 2089 nota
1025 2043 1318 2108 praepos,
1378 2020 1490 2089 διά
1551 2028 1621 2089 et
1684 2022 1755 2089 έκ
1810 2024 2201 2091 confusione.
2293 2024 2583 2090 Verbum

288 2132 634 2197 obscurum
673 2130 1205 2215 διαθηριοῦσθαι
1232 2130 1412 2194 nullo
1442 2130 1571 2195 alio
1608 2131 1752 2196 loco
1788 2130 1859 2196 in
1894 2130 2287 2197 Graecorum
2326 2132 2582 2215 scriptis

288 2238 592 2303 omnibus
635 2238 971 2322 reperitur.

463 2344 569 2410 ne
621 2322 1212 2410 Mammam
1254 2342 1336 2407 II.
1393 2364 1444 2407 ο.
1500 2343 1544 2407 2
1589 2340 1681 2430 (p.
1729 2344 1862 2407 334
1889 2340 1988 2431 d):
2041 2354 2187 2420 ταῖς
2234 2341 2309 2409 οὲ
2354 2340 2585 2421 ἄλλως

285 2452 547 2536 τέχναις
590 2446 666 2516 τὸ
711 2450 914 2535 τιμᾶν
951 2446 1118 2516 ἄνευ
1161 2449 1284 2515 τοῦ
1333 2451 1576 2533 ζηλοῦν
1630 2442 1956 2514 ἀπεδίδου
2008 2448 2120 2514 καὶ
2165 2446 2240 2515 τὸ
2302 2449 2583 2529 ἔνδοξον

287 2554 511 2625 αὐτῶν
556 2555 669 2625 καὶ
715 2553 967 2642 χάριεν,
1013 2558 1112 2646 τῷ
1158 2557 1478 2642 τέρπειν
1535 2551 1598 2621 δ’
1652 2550 1777 2623 οὐκ
1829 2546 1917 2642 ἦν
1974 2550 2306 2634 εὐάλωτος
2359 2559 2453 2634 είς
2506 2553 2581 2624 τὸ

287 2671 656 2752 μιμεῖσθαι.
745 2663 993 2749 Optimi
1051 2673 1116 2728 et
1177 2664 1440 2747 plurimi
1505 2664 1702 2729 codd:
1766 2661 1842 2731 τὸ
1908 2663 2191 2750 τέρπειν.
2281 2665 2583 2730 Reiskius

287 2772 590 2840 correxit:
633 2772 727 2860 τῷ
773 2770 1100 2853 τέρποντι.
1182 2769 1586 2855 DuebneruS,
1624 2793 1701 2835 ex
1743 2793 1941 2837 suane
1979 2774 2347 2838 coniectura
2383 2795 2467 2838 an
2506 2795 2584 2837 ex

289 2881 469 2947 codd.
513 2879 855 2963 incertum,
899 2877 1100 2942 dedit:
1146 2872 1312 2942 κατὰ
1354 2872 1430 2942 τὸ
1478 2876 1754 2955 ἔνδοξον
1794 2873 2019 2944 αὐτῶν
2060 2877 2172 2945 καὶ
2214 2876 2447 2967 χάριεν
2489 2862 2584 2970 τῷ

286 2986 570 3074 τέρπειν.
659 2983 1050 3070 Madvigius:
1115 2982 1191 3049 έν
1253 2985 1342 3073 τῷ
1417 2983 1682 3069 τέρπειν
1755 2982 1967 3063 εἰδώς.
2056 2985 2582 3053 Duebnerianum

286 3091 453 3160 κατὰ
496 3089 573 3158 τὸ
621 3091 902 3170 ἔνδοξον
947 3095 1119 3156 recte
1165 3090 1392 3175 habet3
1439 3092 1611 3176 quod
1658 3093 1712 3157 si
1768 3093 1938 3160 idem
1992 3089 2069 3159 τὸ
2114 3093 2380 3180 τέρπειν
2430 3097 2582 3160 scri-

289 3205 546 3287 psisset,
589 3199 757 3265 nihil
807 3199 1292 3264 desideraretur.
1354 3197 1625 3275 Locutio
1664 3200 1837 3264 enim
1872 3196 2039 3265 κατὰ
2074 3197 2150 3266 τὸ
2188 3202 2323 3266 ἕνδ.
2360 3195 2585 3267 αὐτῶν

287 3309 399 3374 καὶ
445 3305 698 3395 χάριεν,
743 3302 818 3371 τὸ
862 3303 1128 3390 τέρπειν
1175 3299 1240 3370 δ’
1291 3298 1414 3370 οῦκ
1457 3294 1547 3390 ἦν
1581 3305 1752 3371 idem
1789 3307 1963 3371 valet
2008 3329 2083 3371 ac
2119 3303 2285 3371 κατὰ
2329 3303 2406 3372 τὸ
2446 3308 2582 3371 ἔνδ.

181 3427 200 3440 ·
289 3413 400 3480 καὶ
446 3410 612 3500 χάρ.,
655 3435 820 3478 κατα
868 3407 943 3475 δὲ
987 3406 1062 3476 τὸ
1101 3410 1387 3494 τέρπειν,
1431 3411 1472 3477 i.
1511 3433 1564 3476 e.
1602 3409 1717 3476 διὰ
1752 3407 1828 3477 τὸ
1880 3410 2161 3490 ἔνδοξον
2201 3418 2336 3478 κτλ.
2410 3412 2582 3476 Ean-

291 3519 438 3583 dem
493 3520 880 3584 sententiam
935 3519 1370 3584 abundantius
1417 3520 1488 3584 in
1533 3519 1759 3584 Pericl.
1806 3540 1857 3584 c.
1909 3521 1966 3582 1.
2012 3519 2055 3584 2
2112 3514 2434 3604 exposuit:
2499 3515 2585 3585 οῦ

289 3621 420 3710 γὰρ
457 3619 844 3709 ἀναγκαῖον,
889 3627 952 3690 εἰ
991 3626 1214 3711 τέρπει
1249 3622 1326 3692 τὸ
1365 3628 1567 3710 ἔργον
1606 3620 1697 3702 ὥς
1742 3624 2001 3710 χάριεν,
2046 3620 2240 3704 ἄξιον
2287 3627 2585 3711 σπουδῆς

291 3727 465 3798 εἶναι
509 3729 629 3799 τὸν
675 3731 1116 3824 εἰργασμένον
1161 3739 1294 3800 κτλ.

469 3838 539 3904 O.
578 3840 620 3903 3
661 3835 753 3926 (p.
791 3839 922 3906 336
951 3837 1054 3928 b):
1094 3842 1166 3905 εἰ
1207 3837 1352 3925 μὲν
1386 3836 1538 3925 γάρ,
1576 3835 1669 3918 ὥς
1704 3858 1916 3924 φησιν
1947 3835 2358 3928 Ἐπίχαρμος,
2393 3842 2586 3918 Νοῦς

291 3940 418 4031 ὁρῇ
461 3944 574 4008 καὶ
626 3947 790 4022 νοῦς
845 3940 1108 4030 ἀκούει,
1161 3936 1368 4012 τᾶλλα
1427 3944 1502 4012 δὲ
1563 3943 1785 4032 τυφλὰ
1846 3945 1957 4013 καὶ
2012 3945 2207 4033 κωφὰ
2267 3944 2581 4034 τυγχάνει

290 4047 502 4134 λόγον
547 4046 848 4135 δεόμενα.
926 4052 1302 4119 Orationem
1349 4054 1486 4119 sine
1533 4055 1805 4139 apodosi
1849 4054 2065 4139 Wytt.
2110 4056 2205 4120 sic
2238 4055 2580 4120 restituen-

294 4158 443 4223 dam
498 4157 799 4223 coniecit:
856 4147 933 4222 εὖ
987 4155 1110 4242 μὲν
1154 4156 1282 4242 γάρ
1325 4181 1466 4238 πως
1501 4159 1713 4245 φησὶν
1750 4158 1975 4245 Ἐπίχ,
2020 4181 2185 4246 quae
2222 4163 2287 4224 et
2332 4160 2479 4225 aliis
2518 4164 2585 4224 et

295 4265 488 4330 simili
533 4264 690 4331 vitio
735 4265 1052 4330 laborant.
1134 4263 1464 4330 Duebneri
1511 4269 1917 4333 correctioni:
1974 4263 2059 4333 οὐ
2111 4263 2234 4352 μὲν
2286 4263 2448 4353 γάρ,
2494 4261 2584 4344 ὥς

293 4391 504 4457 φησιν
545 4366 678 4438 Ἐκ.
725 4371 1151 4437 adversantur
1204 4372 1634 4457 insequentia:
1690 4369 1793 4439 ὅτι
1852 4372 1927 4440 δὲ
1976 4375 2140 4451 νοῦς
2185 4367 2432 4457 ὠφελεῖ
2470 4371 2582 4438 καὶ

293 4481 456 4557 νοῦς
497 4491 735 4564 κοσμεῖ
769 4517 852 4527 -——-
902 4516 976 4526 --
1019 4466 1227 4544 τᾶλλα
1274 4475 1349 4544 δὲ
1390 4476 1611 4565 τυφλὰ
1656 4479 1767 4546 καὶ
1812 4478 2005 4567 κωφὰ
2040 4479 2130 4546 κὲ.
2177 4502 2342 4567 quae
2380 4481 2579 4545 mani·

2078 4589 2155 4638 ὅ*
