3200 5175
1259 368 1693 434 „83-

329 547 633 614 τυποῦσα
679 541 868 625 τοὺς
910 541 1204 632 ’ὑμένας
1249 542 1333 614 οὗ
1380 548 1570 612 δοκεῖ
1608 546 1858 630 γεννᾶν
1904 541 2121 631 μόνον
2158 540 2325 612 ἀλλὰ
2364 544 2475 611 καὶ
2516 549 2627 630 δή·

329 666 678 741 μιουργεῖν
705 649 782 721 τὸ
812 653 1068 721 τέκνον.
1130 658 1329 733 Τους
1365 649 1663 739 ὑμένας
1690 654 1871 721 nullo
1901 654 2092 720 modo
2123 653 2380 719 defendi
2408 658 2630 738 potest

329 784 537 848 neque
598 762 768 847 quod
829 762 1234 828 substituunt
1288 757 1447 839 τοὺς
1506 756 1848 846 σκύμνους
1894 761 2228 827 satisfacit.
2317 760 2624 826 Fortasse

331 868 772 935 scribendum:
809 864 966 945 τοὺς
1003 864 1074 933 α’
1106 868 1338 953 μῆνας,
1373 869 1413 933 i.
1445 890 1496 934 e.
1523 864 1683 946 τοὺς
1708 863 2015 954 πρώτους
2040 870 2271 953 μῆνας.
2332 866 2627 932 Eandem

328 1000 465 1043 rem
521 976 1052 1044 commemoravit
1105 977 1380 1041 Aristot.
1435 974 1512 1039 de
1571 976 1765 1042 anim.
1818 976 1971 1041 hist.
2019 975 2132 1061 VI,
2178 976 2282 1041 30.
2373 975 2624 1039 Aelian.

329 1086 407 1151 de
451 1108 516 1152 n.
563 1109 666 1151 an.
718 1087 819 1169 11,
871 1085 970 1149 19.
1018 1084 1206 1149 multi
1251 1084 1382 1148 alii.

507 1191 578 1258 O.
607 1194 650 1257 2
691 1189 782 1277 (p.
811 1189 1049 1277 494d):
1086 1188 1197 1256 καὶ
1235 1184 1457 1273 ῶσπερ
1494 1184 1535 1274 ἡ
1564 1184 1881 1275 Ὁμηρικὴ
1920 1186 2111 1277 ὅρνις
2146 1188 2657 1276 προσφέρουσα·

330 1310 468 1375 τοῖς
495 1309 791 1374 νεοττοῖς
816 1302 952 1362 κτλ.
1001 1296 1088 1363 ‘N
1090 1318 1175 1362 on
1203 1298 1414 1362 solum
1441 1297 1679 1381 hiatus,
1707 1300 1981 1362 annotat
2010 1297 2258 1383 Patzig‚
2288 1294 2399 1361 sed
2430 1297 2624 1361 etiam

332 1398 610 1471 molesta
656 1404 958 1489 repetitio
1006 1404 1187 1469 verbi
1217 1398 1570 1489 Ὁμηρικός
1616 1407 1682 1468 et
1724 1406 1869 1469 tota
1906 1404 2267 1470 sententiae
2305 1408 2630 1470 structura

332 1512 630 1596 offendit3
667 1511 1066 1577 desideratur
1102 1512 1273 1576 enim
1313 1510 1634 1597 apodosiS,
1670 1511 1867 1576 forte:
1912 1512 2129 1589 καλῶς
2163 1506 2341 1597 παρὰ
2369 1506 2628 1598 Ὁμήρῳ

330 1616 444 1685 καὶ
498 1613 542 1703 ἡ
597 1613 789 1703 ὅρνις
841 1617 1317 1703 προσφέρουσα
1373 1614 1534 1704 (scil.
1584 1615 1837 1705 έστίν).’
1930 1616 2123 1683 Haud
2169 1620 2358 1683 reete.
2451 1618 2629 1703 Apo-

332 1725 509 1792 dosis
565 1729 691 1791 est:
756 1719 846 1802 ῶς
902 1722 978 1790 δὲ
1030 1724 1215 1791 κύων
1269 1719 1560 1810 ἀμαλῇσι
1604 1723 1709 1807 κέ,
1773 1725 1888 1789 ubi
1932 1719 2059 1808 ῶς,
2102 1729 2175 1790 ut
2216 1725 2389 1791 idem
2436 1729 2630 1810 atque

332 1826 550 1909 οὕτως
595 1833 824 1916 valeat,
869 1831 1376 1898 rescribendum:
1423 1827 1538 1909 ῶς.
1609 1831 1691 1897 In
1728 1854 1917 1899 suum
1962 1854 2152 1898 usum
2193 1834 2470 1898 alterum
2497 1832 2632 1898 Ho-

333 1940 494 2005 meri
539 1961 796 2005 versum
839 1942 1036 2006 vertit
1079 1962 1140 2025 p.
1189 1940 1274 2005 80
1303 1962 1359 2005 a.
1435 1939 1530 2017 cf„
1557 1963 1621 2025 p.
1667 1940 1795 2006 461
1827 1940 1889 2005 b.
1935 1941 2067 2005 496
2097 1962 2149 2005 e.

511 2044 581 2111 C.
621 2046 662 2111 3
708 2045 800 2135 (p.
834 2046 968 2112 495
999 2046 1088 2130 e):
1135 2043 1648 2131 πανταχοῦ-μὲν
1691 2042 1821 2132 γάρ
1867 2041 1910 2131 ἡ
1958 2042 2163 2132 φύσις
2206 2041 2487 2133 ἀκριβὴς
2518 2046 2630 2112 καὶ

335 2151 725 2239 φιλότεχνος
799 2152 910 2219 καὶ
983 2148 1340 2238 ἀνελλιπής
1409 2150 1520 2217 καὶ
1594 2146 2137 2237 ἀπερίτμητος.
2246 2153 2632 2219 Rectissime

335 2260 566 2345 Patzig
603 2260 888 2327 defendit
921 2256 1307 2345 ἀνελλιπής;
1355 2282 1500 2325 cum
1539 2261 1713 2324 enim
1750 2258 1843 2324 Pl.
1882 2261 2135 2345 saepius
2175 2255 2443 2345 ἐλλιπής
2475 2283 2632 2326 usus

335 2368 439 2453 sit,
474 2390 612 2433 non
650 2371 750 2433 est
786 2390 898 2433 our
925 2390 1072 2433 eum
1100 2362 1459 2451 ἀνελλιπής
1487 2367 1765 2432 scribere
1791 2388 1924 2433 non
1950 2366 2239 2450 potuisse
2279 2358 2625 2448 oredss‘mus.

339 2474 526 2553 Quod
570 2475 903 2561 corrigunt
947 2469 1371 2552 ἀνέκλειπτος
1415 2474 1606 2541 huius
1652 2475 1778 2540 loci
1815 2496 1952 2540 non
1987 2477 2103 2539 est.
2170 2467 2634 2559 Ἀπερίτμητος

333 2587 581 2667 tamen,
641 2580 798 2648 ‘non
853 2582 1266 2649 circumcisus
1321 2579 1775 2668 praeputium',
1829 2581 1899 2646 in
1952 2584 2254 2648 naturam
2299 2603 2435 2648 non
2480 2604 2630 2648 eon-

334 2691 511 2757 venit
563 2711 772 2776 neque
827 2690 1093 2755 omnino
1149 2688 1666 2776 περιτέμνεσθαι
1723 2689 1801 2754 de
1858 2712 1936 2756 ea
1980 2689 2107 2755 diei
2152 2693 2386 2775 potest.
2476 2687 2631 2754 Sen-

334 2799 541 2864 tentia
595 2797 982 2863 adieetivum
1039 2818 1474 2882 synonymum
1533 2819 1679 2862 eum
1739 2790 2127 2881 ἀνελλιπής,
2183 2799 2367 2864 velut
2410 2791 2632 2862 ἀνεπί-

334 2911 600 2989 ληπτος,
646 2905 932 2990 requirit.
1021 2901 1490 2990 Corrigendum
1535 2905 1739 2990 igitur
1784 2896 2335 2990 ἀνεπιτίμητος
2381 2904 2459 2970 of.
2502 2903 2632 2968 De-

334 3012 572 3079 mosth.
617 3034 669 3077 o.
719 3012 820 3078 16.

514 3117 585 3184 G.
621 3119 663 3184 3
701 3115 791 3204 (p.
826 3118 959 3184 495
986 3120 1078 3201 e):
1113 3156 1186 3166 —-
1221 3114 1345 3204 τὴν
1384 3115 1458 3184 δὲ
1494 3112 1781 3205 ὑστέραν
1821 3109 1971 3184 οἷον
2010 3114 2226 3206 ἀρότῳ
2264 3115 2375 3183 καὶ
2403 3113 2631 3205 σπόρῳ

334 3227 463 3312 γῆν
519 3223 604 3291 έν
657 3237 940 3311 φυτοῖς
995 3219 1305 3312 ὀργῶσαν
1352 3226 1424 3293 έν
1472 3228 1681 3317 καιρῷ
1729 3223 2058 3314 παρέχειν.
2147 3225 2358 3309 Wytt.
2403 3225 2632 3290 vitium

334 3334 439 3399 hic
486 3334 750 3400 subesse
786 3354 1058 3399 monens
1095 3334 1364 3419 corrigit
1399 3329 1797 3418 ἐμφυτεύσει
1836 3327 2165 3419 ὀργῶσαν.
2218 3331 2631 3397 Doehnerus:

337 3443 675 3525 φυτείαις,
737 3439 994 3527 Patzig:
1069 3439 1517 3526 ἐμφυτευτοῖς.
1622 3439 1801 3516 Quae
1855 3440 2077 3504 omnia
2132 3438 2315 3504 valde
2368 3438 2630 3524 frigent.

337 3547 560 3614 Verba
614 3546 688 3612 έν
744 3557 984 3631 φυτοῖς
1031 3547 1422 3632 significant:
1488 3542 1593 3610 ἐπὶ
1639 3547 1774 3611 τῶν
1820 3547 2053 3630 φυτῶν
2103 3543 2187 3633 (v.
2234 3569 2317 3612 m.
2368 3569 2515 3611 ann.
2562 3547 2633 3611 in

335 3678 396 3740 p.
444 3651 606 3740 95e)
655 3657 721 3720 et
763 3655 964 3719 totius
1007 3655 1136 3720 loci
1183 3675 1407 3719 sensus
1453 3653 1560 3718 hic
1608 3657 1730 3718 est:
1788 3647 2009 3739 ῶσπερ
2058 3650 2164 3718 ἐπὶ
2208 3654 2346 3719 τῶν
2398 3655 2632 3739 φυτῶν

339 3756 375 3826 ὁ
421 3757 719 3847 γεωργὸς
764 3754 982 3851 ἀρότῳ
1027 3758 1138 3826 καὶ
1177 3747 1403 3848 σπόρῳ
1442 3756 1709 3845 παρέχει
1746 3755 1870 3844 τὴν
1908 3761 2038 3845 γῆν
2076 3755 2408 3845 ὀργῶσαν,
2456 3757 2630 3827 οὕτω

337 3865 446 3932 καὶ
494 3865 600 3933 ἐπὶ
643 3868 780 3933 τῶν
824 3865 1167 3952 γυναικῶν
1212 3861 1254 3952 ἡ
1293 3869 1584 3953 ἔμμηνος
1618 3863 1950 3953 κάθαρσις
1986 3866 2254 3952 παρέχει
2289 3862 2413 3951 τὴν
2446 3862 2633 3933 ὑστέ-

339 3998 468 4058 ραν
514 3973 588 4040 bv
631 3973 840 4063 καιρῷ
889 3969 1215 4061 ὀργῶσαν.

515 4081 720 4147 Paulo
784 4083 937 4166 post
997 4082 1302 4167 leguntur
1364 4082 1551 4147 haec:
1615 4077 1764 4146 τότε
1825 4071 1952 4146 οὖν
2006 4075 2082 4145 τὸ
2140 4073 2302 4163 αἷμα
2358 4115 2441 4125 -
2500 4080 2631 4163 ἔχει

339 4185 960 4276 παρεσκευασμένας
1014 4182 1192 4254 οἷον
1248 4186 1606 4273 ἐγγείους
1661 4183 1705 4272 ἥ
1758 4210 1979 4263 τινας
2031 4183 2286 4271 κρήνας
2339 4182 2633 4271 νάματος

341 4294 764 4382 ἐπιρρέοντος
832 4298 967 4360 κτλ.
1067 4295 1449 4360 Duebnerus
1532 4293 1797 4360 Reiskio
1869 4298 2172 4359 monente
2252 4289 2298 4379 ἦ
2374 4295 2631 4360 delevit.
2754 4359 2760 4366 ,

341 4401 744 4468 Doehnerus:
791 4391 942 4467 οἷον
989 4400 1285 4485 ἐγγείους
1330 4396 1764 4486 σήραγγας,
1810 4400 1983 4486 quod
2026 4401 2284 4485 praeter
2325 4401 2630 4466 termina-

341 4510 584 4575 tionem
637 4507 802 4574 nihil
859 4530 1006 4574 eum
1061 4507 1338 4573 lectione
1384 4507 1629 4574 tradita
1675 4528 2015 4574 commune
2057 4507 2285 4594 habet3
2347 4511 2629 4574 ceterum

2131 4613 2204 4668 6*
