3200 5175
1497 331 1979 400 -132--·

593 507 804 600 ὀσμῆς
855 509 1318 597 ἐπιλαβέσθαι;
1355 513 1428 579 Τ.
1455 511 1534 580 V.
1579 512 1909 580 Amiotus:
1949 515 2027 579 αἳ
2062 507 2230 600 ὑπὲρ
2266 507 2391 599 τὴν
2430 515 2756 598 αἴσθησιν
2801 547 2880 560 -·

587 618 1086 709 κεραννύμεναι
1121 622 1571 706 περιαπατῶσι
1608 619 1699 688 κέ.
1742 659 1817 670 -
1861 619 2331 707 corrigendum
2367 625 2553 707 puto:
2593 623 2683 685 αἳ
2712 617 2884 704 περὶ

588 725 730 814 τὴν
793 725 1144 814 ἄνθησιν
1215 723 1444 815 ὑπερχ.
1513 726 1626 795 καὶ
1698 725 2189 816 κεραννύμεναι
2262 723 2468 816 ἀέρι,
2530 721 2885 793 ἀπατῶσι

593 834 748 924 (hoc
795 859 939 903 cum
985 833 1362 923 Doehnero)
1407 832 1518 901 καὶ
1564 837 1997 902 διαπλανῶσι.

777 981 856 992 —-
891 940 1075 1028 KH',
1104 947 1144 1026 ξ
1169 945 1202 1007 1
1227 940 1317 1030 (Ρ.
1347 943 1475 1009 919
1499 939 1595 1030 a):
1631 938 1739 1008 διὸ
1767 945 2023 1028 μᾶλλον
2050 935 2091 1029 ἢ
2123 945 2416 1009 διασπᾶν
2442 938 2524 1010 τὰ
2550 945 2713 1008 λίνα
2738 963 2891 1026 πρα-
2988 915 2991 918 ’

590 1050 1049 1136 γματευομένη
1096 1046 1414 1127 πολλάκις
1459 1048 1810 1139 ἐκκυβιστᾷ
1866 1048 1976 1116 καὶ
2024 1047 2295 1130 σώζεται
2325 1053 2361 1091 *
2409 1045 2541 1136 αμὴ
2588 1047 2705 1114 καὶ
2754 1047 2892 1113 δέοι

588 1154 630 1243 ἡ
677 1159 815 1225 τῶν
863 1153 1184 1225 ὀδόντων.
1265 1157 1475 1243 Wyst„
1523 1158 1827 1223 coniecit:
1875 1153 1965 1223 δι’
2016 1145 2115 1224 ὦν
2161 1159 2418 1244 μᾶλλον
2464 1156 2765 1223 διασπᾶν
2815 1191 2889 1202 -

591 1262 862 1346 σώζεται
907 1261 1074 1353 πρὸς
1119 1260 1162 1330 ἅ
1201 1261 1285 1349 δὴ
1332 1261 1446 1331 καὶ
1484 1264 1592 1330 δεῖ
1630 1253 1833 1350 ἦττον
1870 1259 2189 1330 ὀδόντων.
2262 1261 2596 1332 Lacun'am
2636 1263 2893 1348 explen-

594 1373 742 1439 dam
786 1376 973 1457 puto:
1035 1371 1329 1452 σώζεται·
1387 1365 1507 1454 [δι’
1560 1364 1596 1437 ὃ
1646 1367 1801 1458 ὅρ]α
1846 1367 1937 1457 μὴ
1992 1371 2103 1438 καὶ
2151 1373 2268 1460 δέῃ
2315 1360 2517 1458 ἦττον
2567 1367 2893 1437 ὀδόντων.

770 1496 875 1564 Do
911 1495 1097 1564 faeie
1141 1497 1220 1562 in
1257 1497 1430 1564 orbe
1475 1496 1691 1562 lunae
1725 1517 1778 1562 c.
1815 1498 1856 1562 3
1896 1494 1985 1583 (p.
2023 1498 2150 1563 921
2181 1494 2251 1586 a)
2294 1495 2673 1584 Legendum
2710 1497 2893 1580 puto:

590 1599 811 1690 ὥσπερ
871 1593 998 1671 οὖν
1043 1599 1169 1689 τὴν
1225 1599 1363 1689 ἶριν
1412 1641 1489 1651 -
1542 1602 1915 1690 ἐνορᾶσθαι
1967 1605 2060 1694 τῷ
2122 1603 2312 1689 νέφει
2366 1600 2649 1688 λαβόντι
2716 1624 2892 1667 νοτε·

590 1707 720 1798 ράν
780 1749 864 1759 -
925 1708 1228 1797 λειότητα
1291 1709 1401 1778 καὶ
1475 1707 1875 1799 σύμπηξιν
1946 1709 2123 1797 (οΡΡ.
2197 1710 2280 1776 ad
2342 1708 2714 1794 ἀραίωσιν,
2779 1730 2893 1794 pro

591 1814 1022 1906 [σύντη]ξιν),
1070 1813 1281 1897 οὕτως
1327 1855 1411 1866 -—
1459 1817 1834 1905 ἐνορᾶσθαι
1878 1857 1968 1868 —-—
2010 1813 2139 1904 τὴν
2180 1855 2269 1866 ——
2324 1815 2718 1900 θάλασσαν,
2776 1809 2895 1881 ούκ

588 1917 719 2009 ἀφ’
771 1913 860 2010 ἦς
897 1921 1048 2014 (pro
1096 1920 1212 2010 ἐφ’
1253 1913 1360 2011 ἧς)
1400 1923 1814 2013 ἐστι-χώρας,
1850 1922 2021 1992 ἀλλὰ
2056 1921 2251 1992 ὅθεν
2290 1923 2403 2010 (cf.
2444 1919 2561 2010 ἀφ’
2606 1914 2727 2010 ἧς)
2764 1926 2893 1988 κτλ.

771 2030 842 2101 O.
887 2034 932 2098 4
976 2031 1066 2120 (Ρ.
1113 2030 1274 2120 921)
1323 2037 1479 2099 extr.
1524 2034 1804 2104 fortasse
1860 2034 2100 2119 corrig:
2148 2035 2211 2098 εί
2267 2030 2344 2097 δὲ
2388 2031 2790 2118 προσδεῖταί
2824 2051 2893 2093 τι

588 2134 808 2232 ἡμῶν
852 2136 999 2225 (pro
1043 2163 1143 2216 τις
1187 2134 1405 2227 ἡμᾶς).

769 2244 838 2313 O.
885 2247 926 2311 6
973 2245 1063 2331 (Ρ.
1111 2246 1242 2312 922
1267 2244 1332 2332 f)
1382 2248 1580 2313 scrib:
1638 2241 1784 2314 ἀλλ’
1836 2242 2404 2333 ἀπολογουμένοις
2451 2248 2558 2312 δεῖ
2596 2245 2893 2332 χρῆσθαι

589 2384 678 2473 μὴ
723 2389 1216 2474 κατηγοροῦσιν
1265 2344 1440 2470 [ΟῘΕ]
1488 2381 1575 2454 ἂν
1627 2386 2143 2475 ἐντυγχάνωσιν.

769 2495 838 2563 O.
890 2497 973 2561 12
1019 2492 1108 2581 (Ρ.
1155 2496 1286 2562 926
1317 2492 1380 2583 e)
1435 2496 1893 2581 supplendumz
1949 2495 2150 2582 χωρὶς
2200 2492 2275 2564 τὸ
2335 2492 2512 2583 βαρὺ
2567 2497 2741 2578 πᾶν,
2784 2488 2890 2558 καὶ

589 2615 798 2725 χωρῙ(
847 2614 1116 2722 [τιθεὶί]
1165 2634 1237 2705 τὸ
1284 2640 1566 2723 κοῦφον.
1640 2641 1718 2706 cf.
1771 2641 1941 2707 1013
1972 2664 2032 2707 e:
2085 2640 2291 2727 χωρὶς
2350 2635 2662 2725 ἀλλήλων
2716 2642 2889 2704 τιθε-

591 2745 803 2831 μένου
860 2743 972 2813 καὶ
1038 2745 1462 2832 διορίζοντος.
1546 2744 1758 2832 Ψγῒὺ.
1820 2748 2097 2815 coniecit
2154 2745 2588 2834 διαστήσας
2648 2748 2757 2815 vel
2813 2744 2888 2809 si-

594 2854 746 2921 mile
795 2855 1080 2921 verbum.

769 2958 840 3027 O.
892 2960 974 3027 15
1031 2959 1120 3048 (p.
1169 2963 1298 3029 928
1329 2961 1428 3049 b):
1484 2956 1647 3049 μήτε
1690 2959 1850 3043 τοὺς
1906 2958 2149 3041 ἄλλους
2202 2958 2483 3049 ἀστέρας
2542 2955 2763 3047 ὥσπερ
2818 2957 2889 3024 ἐν

593 3069 1160 3155 ζυγοσταθμοῦ
1206 3070 1502 3157 διαφορᾷ
1547 3068 1897 3156 ῥέψαντας,
1944 3068 2020 3135 ἐν
2073 3060 2173 3147 οἷς
2219 3070 2347 3135 εἰσι
2394 3066 2746 3153 γεγονέναι
2789 3060 2888 3131 τό·

591 3188 790 3255 ποις·
854 3173 1322 3265 Corrigendum
1377 3177 1478 3243 vel
1526 3176 1602 3244 ἐν
1660 3176 2129 3263 ζυγοστάθμου
2175 3178 2278 3242 vel
2321 3176 2539 3261 potius
2586 3174 2663 3241 ἐν
2724 3172 2885 3262 ζυγῷ

593 3284 903 3370 σταθμοῦ
950 3283 1260 3371 διαφορᾷ.

770 3388 840 3455 Ο.
886 3392 973 3457 22
1023 3390 1112 3479 (Ρ.
1158 3390 1288 3457 935
1319 3386 1388 3476 d)
1433 3412 1553 3475 pro
1599 3384 1911 3457 ἀκούοιτε
1958 3387 2033 3456 δὲ
2078 3390 2352 3457 conicio:
2398 3384 2673 3457 ἀκούετε
2720 3388 2811 3456 δέ.

771 3495 840 3564 O.
888 3497 976 3564 25
1015 3496 1157 3563 init.
1205 3496 1541 3581 Wyttenb.
1594 3500 1859 3564 lacunas
1919 3497 2199 3582 explevit
2258 3498 2327 3563 in
2382 3497 2555 3565 hunc
2600 3499 2883 3565 modum:

587 3604 796 3670 ταῦτα
841 3606 965 3671 τοῦ
1011 3602 1276 3683 Θέωνος
1323 3602 1658 3687 εἰπόντος,
1708 3600 2071 3693 [κάλλιστά]
2120 3628 2226 3689 γε,
2266 3607 2461 3690 ἔφην,
2506 3601 2618 3671 καὶ
2654 3600 2883 3692 ἄριστα

588 3713 670 3799 τῇ
725 3711 958 3797 παιδιᾷ
1017 3713 1140 3777 τοῦ
1198 3708 1408 3796 λόγου
1467 3707 1583 3789 τὰς
1643 3706 1859 3797 ὀφρῦς
1918 3707 2137 3800 [ἡμῶν
2198 3707 2451 3798 ἀνῆκας
2512 3706 2629 3800 δι’]
2678 3706 2723 3777 ἃ
2778 3703 2882 3775 καὶ

589 3814 848 3903 θάρσος
887 3813 1050 3905 ἡμῖν
1097 3817 1487 3903 ἐγγίγνεται.
1549 3818 1840 3886 Priorem
1880 3821 2041 3885 bene
2080 3820 2369 3906 resarsit3
2412 3819 2489 3886 de
2536 3825 2739 3885 altera
2777 3816 2881 3881 du·

590 3925 853 4009 bitatur,
894 3926 1129 3993 dicitur
1156 3927 1354 3991 enim:
1393 3922 1695 4010 ἀνάγειν,
1733 3923 1944 4010 λύειν,
1982 3927 2291 4013 μεθιέναι
2328 3922 2444 4004 τὰς
2481 3920 2717 4013 ὀφρῦς,
2746 3922 2879 3991 alia.

770 4031 837 4097 G.
888 4034 974 4099 26
1021 4031 1112 4118 (Ρ.
1159 4033 1284 4098 941
1317 4031 1409 4119 f):
1457 4029 1581 4099 οὐκ
1638 4028 1807 4119 ὄναρ
1864 4031 2081 4119 μόνον
2132 4072 2243 4118 -,
2290 4029 2458 4100 ἀλλὰ
2518 4030 2630 4099 καὶ
2686 4052 2878 4119 φανε-

595 4140 727 4225 ρῶς
774 4135 1207 4225 ἐντυγχάνειν
1251 4134 1542 4217 πολλοὺς
1589 4134 1785 4219 ὄψεσι
1836 4140 2197 4226 δαιμόνων.
2279 4140 2491 4225 Wytt.
2549 4138 2877 4227 legendum

591 4266 868 4330 monuit:
944 4259 1027 4331 ού
1089 4260 1236 4348 γὰρ
1315 4259 1484 4351 ὄναρ
1558 4261 1649 4330 κε’.
1750 4265 1987 4332 Melius
2054 4270 2179 4333 est:
2254 4261 2381 4332 οὐκ
2446 4260 2630 4332 ὄνΑΡ
2696 4239 2873 4353 [γᾸΡ]

592 4368 808 4454 μόνον
852 4375 987 4436 κτλ.

769 4478 1017 4547 Ibidem
1049 4501 1096 4543 s.
1125 4479 1178 4545 f:
1207 4483 1520 4545 πλεῖστον
1545 4475 1676 4565 γὰρ
1706 4479 1782 4548 ἐν
1811 4477 2204 4571 Καρχηδόνι
2242 4477 2492 4567 χρόνον
2530 4478 2873 4567 διέτριψεν,
