3200 5175
1517 334 1950 399 -84—

584 512 825 595 ἔγγειοι
874 506 1200 596 σήραγγες
1245 514 1311 576 et
1355 510 1594 597 κρῆναι
1642 512 1811 576 inter
1848 533 1987 577 sese
2024 512 2386 596 comparari
2421 532 2559 576 non
2584 514 2869 596 possunt.

588 654 663 665 —-
704 617 1008 682 Fortasse
1056 618 1533 702 corrigendum:
1587 610 1737 684 οἷον
1784 612 2058 701 ἀγγεῖα
2103 613 2146 702 ἦ
2191 641 2379 696 τινας
2424 613 2696 704 κρήνας,
2741 618 2877 683 coll.

581 724 808 789 Aemil.
854 725 961 789 14:
1005 720 1312 810 καθάπερ
1353 720 1482 810 γὰρ
1526 724 1599 790 οἷ
1630 721 1866 807 μαστοὶ
1913 724 2051 789 τῶν
2086 724 2426 807 γυναικῶν
2465 718 2588 809 οὐχ
2625 718 2875 809 ὥσπερ

580 825 856 914 ἀγγεῖα
901 827 1174 915 πλήρεις
1225 828 1396 897 εἰσὶν
1445 829 1870 917 ἐπιρρέοντος
1916 829 2188 915 ἑτοίμου
2232 830 2555 915 γάλακτος
2598 828 2690 897 κὲ.

761 954 828 1021 C.
867 956 910 1020 4
958 953 1045 1041 (p.
1083 957 1214 1023 496
1229 954 1320 1044 c):
1370 952 1656 1041 χαλεπάς
1701 954 1776 1022 δὲ
1819 958 2078 1041 μᾶλλον
2124 950 2369 1041 εἴποιμ’
2422 950 2511 1022 ἂν
2558 951 2734 1022 εἶναι
2768 955 2873 1023 καὶ

581 1060 1034 1146 μνησικάκους
1094 1059 1212 1141 τὰς
1274 1059 1594 1140 τεκούσας
1658 1074 1799 1140 τοῖς
1860 1061 2136 1148 βρέφεσι
2194 1101 2277 1111 -—
2326 1101 2409 1109 -—
2457 1100 2541 1111 —
2604 1062 2679 1128 ἐν
2741 1074 2879 1140 τοῖς

585 1165 989 1253 σπλάγχνοις
1043 1172 1346 1254 ἔχουσαν.
1439 1169 1619 1235 Haec
1682 1171 1881 1235 verba
1944 1170 2259 1237 orationis
2326 1171 2871 1236 continuationem

583 1276 745 1341 mihi
804 1276 1104 1347 videntur
1161 1276 1440 1341 incidere
1507 1282 1574 1343 et
1620 1278 1835 1362 potius
1881 1278 2143 1343 lectoris
2201 1277 2536 1358 cuiusdam
2583 1278 2873 1343 animad-

583 1384 963 1468 versionem,
1010 1406 1205 1469 quam
1250 1384 1466 1449 verbis
1512 1390 1655 1469 χαλ.
1703 1380 1778 1449 δὲ
1812 1384 2070 1468 μᾶλλον
2106 1384 2379 1469 induxit,
2426 1406 2565 1451 esse
2602 1384 2874 1449 credide-

580 1491 732 1574 rim3
773 1494 1056 1556 ceterum
1091 1512 1297 1576 neque
1336 1492 1677 1557 verborum
1706 1491 2111 1577 compositio,
2147 1512 2355 1576 neque
2394 1492 2654 1576 singula
2680 1490 2873 1557 verba

580 1597 758 1662 velut
805 1592 1062 1684 ὁμηρίς,
1107 1598 1278 1684 quod
1323 1600 1394 1663 in
1442 1598 1669 1663 lexicis
1719 1597 1897 1663 deest
1939 1619 2148 1683 neque
2192 1597 2328 1662 ullo
2374 1598 2503 1663 alio
2550 1598 2696 1663 loco
2732 1619 2871 1680 pro·
2940 1604 2943 1609 '

583 1707 730 1789 stat,
774 1706 990 1769 locum
1038 1704 1379 1770 defendere
1426 1708 1715 1790 possunt.
1782 1702 2068 1769 Sublatis
2112 1708 2333 1769 tamen
2373 1707 2436 1769 et
2472 1706 2542 1769 in
2582 1705 2950 1789 marginem

581 1812 1016 1895 transpositiS‚
1061 1813 1172 1877 ubi
1216 1812 1496 1877 fortasse
1540 1812 1727 1877 initio
1768 1816 1972 1896 erant,
2018 1810 2163 1876 vide
2201 1833 2393 1896 quam
2431 1811 2593 1876 benc
2630 1811 2874 1895 reliqua

585 1916 998 1983 cohaereant:
1047 1914 1199 1983 οὔτε
1245 1914 1456 2002 νόμος
1498 1906 1586 2002 ἦν
1633 1918 1911 1995 ἐκείνοις
1943 1955 2043 2004 -—‚
2088 1913 2245 1983 οὔτε
2288 1918 2660 2002 προσδοκία
2704 1913 2877 2001 χάρι-

584 2047 698 2099 τος
733 2016 775 2108 ἢ
816 2029 1154 2110 τροφείων
1197 2062 1271 2071 -
1319 2009 1831 2110 δανειζομένων,
1869 2021 2036 2091 ἀλλὰ
2072 2020 2147 2090 τὸ
2186 2021 2386 2109 φύσει
2427 2020 2877 2110 φιλόστοργον

576 2115 869 2215 ’ἔκαμπτε
913 2130 1025 2197 καὶ
1071 2121 1250 2217 ἦγεν.

759 2254 960 2322 Paulo
1025 2262 1202 2342 post:
1269 2254 1712 2336 ψελλιζόντων
1766 2255 1877 2323 καὶ
1938 2254 2477 2341 συλλαβιζόντων
2532 2252 2874 2343 ἠκροῶντο

583 2361 698 2446 (sc.
759 2365 832 2428 οἱ
879 2361 1216 2450 πατέρες),
1269 2362 1382 2429 καὶ
1435 2363 1705 2448 κώμους
1756 2362 1867 2429 καὶ
1915 2360 2160 2441 πότους
2202 2360 2314 2428 καὶ
2362 2365 2612 2448 ἔρωτας
2658 2358 2877 2427 αὐτῶν

585 2469 665 2533 οἱ
722 2465 1142 2554 ἅνθρωποι
1205 2448 1773 2556 πλημμελούντων
1841 2469 2126 2537 ἐπεῖδον.
2216 2470 2346 2535 Ubi
2414 2492 2609 2558 quam
2661 2471 2878 2554 inepte

586 2577 658 2640 οἱ
699 2571 1054 2662 ἄνθρωποι
1101 2578 1351 2644 dicatur
1396 2578 1743 2645 admonere
1790 2578 1950 2643 satis
1995 2580 2109 2643 est.
2183 2576 2563 2643 Doehnerus
2602 2576 2877 2642 correxit

584 2678 683 2760 ὡς
717 2682 862 2749 νέοι
900 2681 1277 2771 ἅνθρωποι,
1323 2686 1488 2752 bene
1526 2686 1608 2751 ad
1648 2687 2057 2768 sententiam,
2104 2685 2216 2749 sed
2254 2683 2333 2748 ad
2369 2685 2717 2749 lectionem
2752 2689 2879 2749 tra-

583 2810 786 2874 ditam
844 2832 978 2876 non
1036 2812 1213 2876 item.
1301 2811 1468 2876 Erat
1528 2811 1597 2875 in
1654 2809 1895 2876 codice:
1963 2793 2254 2894 ΟΙΑΙῙῘΟΙ,
2323 2809 2495 2894 quod
2549 2831 2668 2893 pro
2724 2811 2877 2874 noto

585 2918 966 3001 compendio
1015 2919 1086 2983 οἱ
1117 2914 1474 3001 ἅνθρωποι
1513 2918 1815 2982 librarius
1855 2917 2130 3001 accepit3
2175 2937 2308 2980 una
2342 2913 2602 2980 litei-ula
2638 2905 2879 2979 inserta

584 3025 1018 3090 scribendum:
1067 3016 1175 3088 οἶα
1221 3019 1451 3108 ν(ε’)οι,
1497 3023 1670 3107 quod
1714 3024 1963 3106 tritum,
2008 3023 2047 3087 i.
2080 3043 2129 3086 e.
2168 3015 2395 3086 αὐτῶν
2422 3016 2873 3105 πλημμελούν-

585 3153 722 3195 των
778 3123 887 3196 οἶα
944 3127 1086 3195 νέοι
1147 3128 1260 3214 (sc.
1318 3135 1725 3214 πλημμελεῖν
1778 3123 2113 3213 εἰώθασι).
2206 3125 2517 3192 Similiter
2559 3149 2624 3210 p.
2668 3126 2797 3190 491
2828 3125 2877 3189 f:

589 3233 767 3315 ὅπως
803 3232 1210 3323 ἁμαρτόντες
1257 3227 1338 3300 οἷ
1343 3260 1385 3298 α
1422 3233 1591 3301 νέοι
1629 3257 1719 3319 μη
1760 3229 2212 3318 δραπετεύωσι
2247 3230 2337 3324 κὲ.
2384 3232 2465 3297 cf.
2493 3231 2778 3297 Demetr.
2806 3231 2875 3296 5:

585 3337 694 3410 οἷα
733 3341 809 3409 δὲ
845 3341 999 3420 νέος
1035 3340 1146 3408 καὶ
1184 3337 1470 3427 ἄπειρος.
1536 3341 1769 3406 Aemil.
1799 3341 1911 3406 21:
1960 3331 2070 3404 οἷα
2107 3335 2181 3404 δὲ
2209 3341 2480 3416 νεανίας
2509 3337 2867 3424 ἐντεθραμ-

582 3451 800 3535 μένος.
888 3451 1080 3517 Dion.
1132 3451 1238 3516 18:
1289 3442 1399 3515 οἷα
1446 3445 1522 3514 δὲ
1565 3445 1899 3533 τύραννος
1945 3448 2322 3531 ἔμπληκτος.

763 3575 1157 3661 Sequuntur:
1231 3569 1397 3640 ὥστε
1471 3572 1895 3639 ἐπαινεῖσθαι
1966 3569 2078 3637 καὶ
2144 3566 2693 3655 μνημονεύεσθαι
2759 3569 2880 3636 τοῦ

585 3677 864 3767 Εὐήνου
907 3685 1106 3748 τοῦτο
1155 3677 1391 3766 μόνον,
1437 3674 1536 3756 ὡς
1583 3676 2061 3763 ἐπέγραψεν,

883 3802 985 3870 ”H
1021 3804 1172 3883 δέος
1215 3799 1258 3890 ἢ
1304 3801 1477 3889 λύπη
1526 3815 1681 3881 παῖς
1724 3801 1923 3888 πατρὶ
1968 3799 2182 3868 πάντα
2228 3799 2496 3889 χρόνον.

584 3932 884 3999 Reiskius
930 3933 1276 4018 legendum
1323 3931 1577 3995 monuit
1624 3932 1737 3994 aut
1780 3924 1883 3994 ὅτι
1920 3915 2244 4014 ἔγραψεν,
2290 3931 2404 3992 aut
2448 3919 2484 3991 ’ὃ
2523 3919 2877 4011 ἀνδριάντι

585 4038 1106 4124 Θεμιστοκλέους
1158 4032 1572 4120 ὑπέγραψεν,
1636 4035 1740 4100 vel
1796 4032 2189 4121 ἐπέγραψεν·
2242 4025 2460 4098 Ἴδεθ’
2521 4024 2647 4118 ὅση
2704 4027 2877 4113 λύπη

583 4151 717 4212 κτλ.
789 4145 1172 4212 Doehnerus
1226 4144 1598 4210 dubitanter
1641 4142 2007 4226 proposuit:
2061 4141 2183 4205 τοῦ
2230 4133 2510 4223 Εὐήνου
2557 4133 2633 4204 τὸ
2680 4133 2877 4222 μονό-

541 4259 548 4267 “
586 4233 814 4339 στιχον
861 4247 1386 4340 ἐπιγραμμάτιον
1430 4251 1639 4332 τουτί,
1679 4269 1842 4334 quae
1886 4269 2077 4312 nemo
2120 4244 2507 4332 probaverit.
2552 4281 2626 4290 —
2668 4243 2873 4309 Locus

583 4358 892 4424 facillime
948 4359 1293 4444 corrigitur
1351 4354 1720 4422 scribendo:
1784 4355 1982 4419 τοῦτο
2038 4350 2258 4438 μόνον
2267 4399 2287 4435 ,
2344 4339 2450 4416 οἷν
2505 4347 2874 4436 ἐπέγραψεν

583 4467 622 4530 i.
671 4489 722 4531 e.
769 4466 965 4531 τοῦτο
1013 4464 1227 4550 μόνον
1271 4465 1407 4530 τῶν
1455 4458 1991 4546 ἐπιγραμμάτων,
2036 4455 2079 4526 ἃ
2128 4459 2409 4543 ἐποίησε.
