3200 5175
1293 311 1736 376 ...87-

542 487 615 555 O.
661 490 702 554 9
750 511 878 555 exr.
927 486 1018 575 (p.
1065 488 1193 556 527
1225 486 1289 575 f)
1351 489 1805 574 corrigendum
1853 489 2130 556 videtur:
2162 490 2301 574 «τῆς
2346 487 2665 574 γυναικὸς

361 590 660 681 ὀφείλων
722 601 1122 680 περιελεῖν
1179 594 1326 682 (pro
1382 594 1724 681 παρελεῖν)
1787 591 1912 680 τὴν
1964 593 2325 682 πορφύραν
2378 595 2490 663 καὶ
2520 592 2666 664 ’τὸν

360 698 639 788 κόσμον.
721 702 920 768 Recte
965 703 1204 789 legitur
1247 725 1311 786 p.
1362 703 1488 768 142
1512 702 1579 767 d:
1643 702 1781 768 τῶν
1829 700 1904 768 δὲ
1948 705 2275 770 πλείστων
2322 706 2666 788 γυναικῶν

361 803 450 876 ἂν
513 804 907 894 ὑποδήματα
971 805 1306 895 διάχρυσα,
1363 807 1731 895 περιέλῃς
1799 846 1873 856 -
1942 804 2053 875 καὶ
2118 806 2480 897 πορφύραν
2530 817 2667 878 κτλ.

361 918 494 984 828
522 917 595 982 b:
655 917 775 1002 τῆς
835 915 1152 1003 τραπέζης
1213 912 1727 1002 περιελόντες
1790 912 1871 983 τὰ
1927 912 2018 1002 μὴ
2076 913 2386 1004 χρήσιμα.
2477 919 2556 984 cf.
2603 942 2665 1004 p.

364 1024 557 1090 752f:
602 1018 1158 1111 περικόπτουσιν
1210 1061 1285 1070 -
1336 1023 1475 1088 τῶν
1519 1023 1861 1107 γυναικῶν
1907 1019 1989 1091 τὰ
2033 1021 2301 1110 περιττὰ
2346 1021 2663 1112 χρήματα.

539 1128 644 1197 De
701 1129 968 1196 vitioso
1023 1128 1294 1213 pudore
1349 1153 1403 1196 c.
1459 1131 1504 1196 4
1557 1128 1650 1215 (p.
1696 1130 1829 1197 530
1857 1130 1945 1218 e):
2012 1126 2101 1217 μὴ
2168 1129 2487 1198 δυσωποῦ
2540 1128 2661 1198 τὸν

362 1236 716 1323 μισοῦντα,
761 1232 920 1321 μηδ’
972 1231 1361 1320 ὑπέκβαλε
1406 1232 1747 1304 πιστεύειν
1786 1238 2145 1304 δοκοῦντα·
2191 1234 2498 1326 κληθήσῃ
2536 1232 2663 1323 γὰρ

357 1342 640 1421 καλέσας
684 1347 820 1410 κτλ.
892 1342 996 1410 Ita
1039 1344 1302 1427 plurimi
1352 1344 1531 1410 codd.
1579 1342 1649 1411 O.
1698 1347 1764 1408 et
1808 1345 2036 1431 colleg.
2082 1345 2147 1412 N
2149 1368 2249 1411 ov.
2293 1340 2661 1411 ὑπεκκάλει.

357 1449 564 1537 Mosq.
585 1451 629 1516 2
664 1445 1014 1534 ὑπεύγαλε.
1059 1450 1270 1536 Wytt.
1298 1451 1668 1537 proposuit:
1703 1448 1872 1537 μηδὲ
1902 1447 1987 1517 σύ
2015 1475 2090 1536 γε
2117 1447 2329 1518 κάλει·
2369 1453 2472 1519 vel
2498 1447 2656 1539 μηδ’

359 1552 484 1625 οὐκ
515 1553 834 1641 εὐλαβοῦ·
874 1559 975 1624 vel
1002 1550 1160 1643 μηδ’
1193 1551 1492 1642 ὑπόλαβε
1518 1552 1879 1642 πιστεύειν,
1906 1561 1974 1623 et
1999 1559 2220 1624 vertit:
2260 1580 2470 1646 neque
2499 1559 2663 1644 ideo,

361 1664 533 1751 quod
593 1665 716 1730 tibi
772 1665 829 1731 is
885 1665 1137 1731 videtur
1189 1664 1382 1730 fidem
1436 1665 1706 1750 habere,
1767 1667 1926 1749 puta
1972 1687 2119 1730 eum
2162 1666 2356 1731 fidem
2402 1665 2661 1732 habere.

355 1770 690 1856 Xylander
743 1771 1136 1838 reddiderat:
1199 1793 1405 1858 neque
1451 1771 1596 1838 ideo
1609 1823 1626 1856 ‚
1684 1771 1855 1858 quod
1900 1771 2022 1838 tibi
2065 1773 2122 1837 is
2170 1772 2423 1838 videtur
2466 1774 2659 1840 fidem

355 1878 615 1963 habere,
661 1899 888 1944 cavere
935 1878 1018 1943 ab
1063 1899 1142 1944 eo
1188 1877 1424 1944 desine.
1463 1915 1550 1924 —
1593 1877 1867 1965 Ineptae
1912 1881 2069 1944 sunt
2114 1881 2181 1944 et
2225 1882 2659 1948 correctiones

357 1988 426 2051 et
459 1985 1051 2070 interpretationes.
1123 1983 1746 2071 Animadversionis‚
1793 1986 1871 2050 de
1909 2009 2037 2072 qua
2074 2007 2284 2052 sermo
2323 1991 2439 2068 est,
2480 2010 2660 2055 occa·

355 2093 605 2158 sionem
646 2093 823 2158 dedit
849 2091 1164 2159 Hercules
1193 2091 1546 2158 Alexandri
1583 2093 1759 2158 filius
1798 2115 1837 2158 a
1863 2093 2412 2180 Polysperchonte
2452 2097 2656 2160 stran-

355 2201 632 2286 gulatus.
727 2198 1064 2266 Sententia
1114 2200 1414 2287 requirit:
1475 2221 1686 2286 neque
1732 2199 1905 2284 ideo,
1969 2200 2141 2285 quod
2186 2201 2312 2267 tibi
2364 2201 2422 2267 is
2478 2202 2654 2267 vide-

356 2310 465 2371 tur
499 2307 694 2373 fidem
729 2307 988 2392 habere,
1034 2305 1328 2372 blandire
1363 2307 1442 2391 ei,
1494 2307 1821 2372 officiosus
1859 2307 1931 2372 in
1969 2329 2117 2372 eum
2154 2309 2311 2372 esto.
2384 2307 2442 2373 E
2482 2310 2657 2376 lectt.

355 2413 616 2480 traditis
663 2417 934 2500 apparet
975 2413 1146 2480 hanc
1192 2413 1393 2478 ferme
1437 2412 1641 2479 fuisse
1686 2413 1757 2478 in
1803 2413 2187 2498 archetypo:
2233 2414 2653 2484 ΥΠΕΚΚΑΛΕ

350 2521 458 2588 vel
505 2521 724 2607 potius
770 2522 1167 2589 ΥΠΑΙΚΑΛΕ
1215 2517 1310 2610 (ΑΙ
1345 2551 1430 2574 =
1461 2519 1562 2610 Ε),
1609 2520 1675 2585 id
1722 2522 1823 2585 est
1867 2513 2251 2604 ὑπαίκαλλε,
2298 2522 2471 2608 quod
2516 2543 2654 2589 ver-

351 2630 510 2694 bum
554 2632 630 2695 ut
674 2628 976 2716 ignotum
1020 2631 1088 2694 et
1131 2628 1496 2695 inauditum
1545 2650 1693 2695 cum
1737 2650 1871 2695 non
1914 2628 2387 2715 intellegerent,
2432 2629 2545 2695 alii
2581 2630 2651 2694 in

347 2733 680 2820 ὑπέκβαλε
725 2736 1133 2822 refluxerunt,
1180 2737 1292 2803 alii
1337 2736 1408 2801 in
1451 2730 1825 2801 ὑπεκκάλει.

533 2841 602 2909 O.
653 2844 688 2907 7
747 2845 837 2927 (p.
893 2842 1020 2909 531
1053 2842 1116 2931 e)
1183 2847 1249 2908 et
1313 2842 1639 2908 sententia
1702 2845 1770 2907 et
1833 2841 2236 2908 concinnitas
2290 2843 2653 2929 requirunt:

349 2946 438 3015 σὺ
484 2948 637 3035 μέν,
697 2944 915 3033 εἶπεν,
961 2951 1172 3015 αἰτεῖν
1215 2948 1582 3037 ἐπιτήδειος
1628 2944 1691 3015 εἰ
1731 2946 1842 3014 καὶ
1887 2944 1977 3035 μὴ
2025 2945 2458 3033 λαμβάνων
2502 2950 2652 3036 (pro

349 3052 768 3142 λαμβάνειν).

526 3161 634 3229 De
679 3180 754 3231 se
798 3163 1037 3247 ipsum
1082 3162 1270 3230 citra
1313 3162 1459 3231 inv.
1498 3162 1854 3231 laudando
1901 3187 1952 3230 c.
1993 3166 2034 3230 9
2072 3163 2165 3250 (p.
2202 3161 2451 3253 54210).
2498 3169 2649 3230 λαν-

345 3266 552 3337 θάνει
606 3265 736 3356 γὰρ
792 3266 968 3337 οὕτω
1022 3265 1142 3337 τόν
1199 3265 1539 3355 ἀκροατὴν
1579 3281 1722 3348 τοῖς
1768 3272 1971 3348 ἰδίοις
2016 3270 2316 3348 ἐπαίνοις
2360 3288 2650 3337 συνυπο-

349 3372 688 3463 δυόμενον
732 3372 817 3443 τὸ
864 3377 1004 3444 τοῦ
1051 3377 1426 3462 λέγοντος
1467 3372 1683 3462 ἡδέως
1718 3374 2278 3464 προσδεχόμενον.
2346 3377 2649 3445 Reiskius

351 3485 698 3571 legendum
751 3486 1008 3553 monuit
1049 3482 1125 3551 τὸ
1173 3480 1296 3551 τὸν
1341 3485 1463 3550 τοῦ
1508 3483 1824 3570 λέγοντος
1868 3486 2001 3551 scil.
2048 3486 2343 3551 ἔπαινον.
2434 3484 2646 3570 Wytt.

345 3593 564 3659 locum
617 3592 903 3658 restituit
958 3593 1077 3659 sic:
1132 3588 1739 3676 συνυποδυόμενον
1784 3586 1909 3658 τὸν
1953 3592 2076 3658 τοῦ
2120 3591 2436 3677 λέγοντος
2480 3590 2646 3679 (scil.

347 3697 658 3787 ἔπαινον)
703 3734 784 3746 —-
834 3692 911 3777 ὃς
962 3704 1195 3787 χαίρει.
1243 3737 1330 3746 -
1376 3697 1791 3766 Oorrectione
1845 3722 1981 3767 non
2040 3722 2232 3786 opus,
2286 3700 2417 3766 nisi
2474 3699 2645 3786 quod

347 3807 696 3874 verborum
744 3805 1126 3891 compositio
1173 3826 1491 3892 perversa,
1535 3809 1612 3870 ut
1648 3828 1860 3891 saepe,
1906 3809 2022 3872 est.
2094 3803 2646 3873 Construendum:

344 3909 422 3979 τὸ
478 3913 601 3980 τοῦ
655 3913 968 3999 λέγοντος
1023 3910 1184 4001 (fere
1229 3944 1314 3967 ===
1363 3907 1399 3979 ὁ
1445 3914 1568 3980 τοῦ
1614 3914 1930 3997 λέγοντος
1974 3911 2275 4000 ἔπαινος)
2321 3914 2645 3981 συννποδ.

345 4031 518 4098 τοῖς
571 4020 817 4099 ἰδίοις
863 4019 932 4109 (i.
976 4043 1030 4086 e.
1073 4030 1216 4098 τοῖς
1256 4021 1382 4087 τοῦ
1425 4014 1789 4106 ἀκροατοῦ,
1852 4042 2133 4107 namque
2176 4019 2246 4084 id
2291 4018 2643 4108 antecedit)

347 4126 646 4204 ἐπαίνοις
696 4122 1027 4195 λανθάνει
1079 4122 1201 4193 τὸν
1255 4121 1595 4214 ἀκροατὴν
1652 4122 1863 4211 ἡδέως
1919 4122 2464 4213 προσδεχόμενον
2520 4126 2642 4212 (in-

345 4235 478 4301 tell.
522 4228 646 4301 τὸν
690 4236 968 4301 ἔπαινον
1010 4233 1133 4301 τοῦ
1179 4231 1541 4321 λέγοντος).

524 4339 594 4408 C.
638 4342 719 4407 12
755 4364 805 4408 s.
841 4341 886 4407 f.
933 4338 1022 4428 (p.
1063 4340 1194 4407 543
1223 4338 1315 4428 e):
1364 4341 1444 4406 οἱ
1483 4337 1567 4406 δὲ
1614 4337 2026 4426 ρητορικοὶ
2073 4340 2453 4425 σοφισταί
2494 4361 2640 4407 cum

345 4448 639 4533 ineptum
697 4448 811 4534 sit,
871 4448 1074 4515 miror
1125 4448 1448 4538 neminem
1494 4447 1730 4515 vidisse
1776 4447 2181 4513 scribendum
2229 4467 2396 4514 esse:
2452 4448 2524 4515 οἰ
2565 4444 2641 4516 δὲ
