3200 5175
627 519 995 585 consenties
1063 520 1414 585 scribente:
1477 515 1589 583 καὶ
1652 520 2128 604 περίμεστον
2200 512 2565 603 (γ)ήθους
2634 508 2962 601 ἀγαπᾶν,

624 627 668 693 i.
713 648 765 691 e.
813 622 1066 711 ἱλαρὸν.

803 733 920 798 2οε
978 730 1083 797 ἐπὶ
1136 728 1296 809 τοὺς
1345 726 1799 816 ἀγριωτάτους
1856 728 1967 797 καὶ
2022 730 2527 817 μαχιμωτάτους
2578 731 2717 797 τῶν
2782 732 2963 816 τῆδε

623 842 964 926 Νερβίους
1009 836 1463 924 ἐστράτευσεν,
1513 839 1702 926 οἵπερ
1750 840 1863 916 εἰς
1907 850 2333 924 συμμιγεῖς
2378 834 2681 923 δρυμοὺς
2726 862 2962 927 κατῳ-

623 944 901 1033 κημένοι
957 983 1043 993 ——
1096 984 1170 993 --
1220 948 1579 1031 αἰφνιδίως
1632 943 2064 1031 προσέπεσον.
2156 944 2325 1021 Quid
2390 946 2513 1011 sibi
2577 956 2962 1030 συμμιγεῖς

627 1056 882 1139 δρυμοί
915 1054 1138 1138 velint,
1177 1053 1354 1118 haud
1389 1053 1673 1138 intelligi
1708 1056 1951 1138 potest3
1992 1052 2237 1117 frustra
2274 1050 2535 1136 Coraes,
2560 1052 2703 1117 coll.
2752 1049 2959 1117 Caes,

625 1162 704 1226 de
750 1162 903 1227 bell.
949 1162 1101 1247 gall.
1152 1160 1238 1245 II,
1289 1162 1368 1225 17
1418 1165 1484 1226 et
1531 1158 1745 1226 Strab.
1790 1182 1849 1245 p.
1903 1159 2047 1243 194,
2092 1159 2291 1224 verba
2340 1158 2683 1223 defendere
2738 1180 2957 1223 cona-

624 1273 734 1333 tus
797 1272 915 1333 est.
1004 1267 1234 1353 Neque
1293 1268 1465 1353 quod
1529 1268 1896 1353 Madvigius
1970 1266 2311 1351 proposuit
2382 1266 2497 1341 εἰς
2559 1276 2959 1349 συνεχεῖς

627 1369 1011 1458 δρυμούς,
1072 1376 1399 1441 continuas
1472 1375 1702 1458 silvaS,
1767 1374 2103 1459 probabile
2160 1373 2429 1438 videtur.
2486 1408 2570 1419 —-
2634 1369 2959 1439 Conicio:

631 1481 819 1567 οἷπερ
867 1492 1289 1566 συμμιγεῖς
1335 1483 1431 1559 εἰς
1488 1477 1790 1567 δρυμοὺς
1841 1479 2297 1569 κατῳκημένοι
2340 1477 2432 1545 κὲ.
2520 1478 2714 1545 Nunc
2766 1502 2956 1545 com-

625 1590 954 1672 ponantur
1007 1589 1330 1673 proxima:
1383 1600 1770 1673 γυναῖκας
1815 1584 1889 1653 δὲ
1933 1585 2045 1652 καὶ
2090 1583 2404 1670 κτήσεις
2449 1588 2525 1651 ἔν
2560 1609 2695 1651 τινι
2735 1585 2955 1673 βυθῷ

627 1695 745 1778 τῆς
787 1689 954 1778 ὕλης
997 1690 1319 1761 ἀπωτάτω
1365 1694 1700 1780 θέμενοι
1748 1692 1917 1781 (scil.
1963 1689 2071 1759 ὅτε
2115 1695 2394 1778 ἔμελλον
2430 1688 2957 1777 ἐπιθήσεσθαι),

626 1794 857 1865 αὐτοὶ
893 1801 984 1888 τῷ
1023 1803 1318 1885 Καίσαρι
1357 1838 1442 1847 -
1476 1802 1836 1885 αἰφνιδίως
1870 1801 2310 1885 προσέπεσον,
2342 1799 2457 1865 ubi
2493 1790 2733 1862 αὐτοί
2767 1798 2955 1863 idem

631 1905 809 1971 valet
855 1928 929 1970 ac
975 1903 1247 1991 μόνοι,
1294 1929 1380 1971 so.
1427 1907 1682 1973 feminis
1722 1911 1789 1973 et
1832 1908 2312 1992 impedimentis
2350 1905 2609 1989 relictis,
2648 1907 2751 1971 vel
2795 1906 2953 1971 aliis

629 2012 868 2078 verbis:
925 2008 1020 2078 οὐ
1075 2024 1492 2098 συμμιγεῖς
1553 2012 1989 2100 προσέπεσον.
2082 2012 2177 2080 Cf.
2234 2012 2391 2079 Sull.
2446 2011 2563 2077 35:
2625 2006 2779 2078 ἀλλ’
2849 2014 2949 2077 ἔτι

628 2120 753 2184 τοῦ
796 2115 1095 2205 θεάτρου
1141 2121 1516 2206 συμμιγοῦς
1559 2116 1849 2206 ἀνδράσι
1893 2119 2006 2187 καὶ
2060 2118 2371 2205 γυναιξὶν
2422 2114 2633 2195 ὄντος.
2719 2116 2953 2185 Crass·

630 2228 747 2293 28:
796 2221 1000 2313 ὄχλον
1044 2226 1433 2312 σύμμικτον.
1514 2227 1740 2313 Pomp.
1789 2228 1895 2293 64.
1957 2226 2142 2293 Alex.
2188 2227 2248 2291 9.

809 2335 924 2399 44:
972 2334 1065 2400 ‘n'
1105 2333 1472 2420 ἐλπίζομεν’
1529 2330 1715 2401 εἶπεν
1761 2324 1837 2400 (ὦ
1876 2331 2039 2400 Γάϊε
2089 2334 2479 2418 Κρασσίνιε,
2514 2328 2626 2396 καὶ
2671 2332 2848 2408 πῶς
2883 2353 2948 2396 τι

631 2436 937 2525 θάρσους
984 2443 1222 2526 ἔχομεν
1234 2440 1274 2519 ;’
1324 2440 1693 2527 Stephanus
1732 2464 1879 2507 cum
1915 2440 2131 2507 Anon.
2168 2440 2372 2505 dedit:
2420 2438 2558 2514 πῶς
2601 2438 2725 2502 τοῦ
2768 2432 2944 2522 θρά-

630 2563 793 2625 σους
839 2549 1106 2634 ἔχομεν;
1153 2547 1483 2614 Reiskius:
1528 2549 1669 2626 πῶς
1719 2544 2180 2633 καταπλήξεως
2225 2538 2267 2631 ἢ
2313 2540 2619 2631 θάρσους
2663 2546 2945 2631 ἔχομεν;

634 2651 1104 2741 Corrigendum
1160 2659 1347 2742 puto:
1410 2656 1549 2733 πῶς
1612 2653 1917 2741 θάρσους
1975 2658 2244 2741 ἔχομεν;
2303 2654 2517 2718 deleto
2577 2675 2657 2718 τι.
2752 2652 2943 2717 Duae

631 2761 877 2827 scilicet
921 2766 1172 2828 veteres
1216 2748 1530 2830 lectiones
1574 2764 1716 2840 πῶς
1758 2759 2065 2849 θάρσους
2115 2764 2351 2848 ἔχομεν
2397 2763 2488 2825 οἱ).
2515 2761 2588 2824 τί
2624 2756 2944 2845 θάρσους

631 2869 721 2952 ἔχ.
767 2868 838 2932 in
883 2891 1106 2935 unam:
1156 2869 1296 2946 πῶς
1337 2893 1402 2934 τι
1447 2865 1755 2954 θάρσους
1798 2871 2038 2953 ἔχομεν
2084 2869 2396 2935 coaluisse
2438 2867 2759 2933 videntur.

807 2975 922 3040 59:
971 2969 1055 3040 οὐ
1100 2969 1234 3058 μὴν
1279 2968 1448 3040 ἀλλὰ
1490 2973 1603 3041 καὶ
1658 2973 1837 3061 περὶ
1891 2985 2030 3054 τοῖς
2076 2977 2519 3059 βασκαίνουσι
2574 2971 2685 3040 καὶ
2731 2977 2941 3060 βαρυ-

629 3080 944 3166 νομένοις
987 3076 1112 3165 τὴν
1158 3076 1452 3167 δύναμιν
1497 3083 1757 3160 αἰτίας
1800 3095 2087 3168 παρεῖχε.
2177 3082 2283 3147 Ita
2327 3083 2553 3168 vulg03
2597 3082 2752 3148 libri
2799 3082 2937 3168 ple-

628 3187 842 3272 rique:
899 3182 1102 3271 παρὰ
1165 3199 1306 3265 τοῖς
1359 3191 1805 3273 βασκαίνουσι
1858 3188 1950 3256 κὲ.
2040 3189 2456 3274 Anonymus:
2518 3185 2631 3253 καὶ
2692 3189 2934 3253 τοῦτο

628 3305 770 3370 τοῖς
803 3296 996 3377 βασκ.
1053 3293 1445 3362 Sintenisius
1475 3299 1728 3383 quaerit
1755 3321 1912 3363 num
1940 3295 2051 3362 καὶ
2089 3292 2267 3381 παρὰ
2302 3307 2443 3374 τοῖς
2486 3298 2937 3380 βασκαίνουσι

630 3437 716 3449 -
764 3402 980 3477 αἰτίας
1034 3396 1184 3487 εἶχε.
1275 3401 1461 3468 Nihil
1517 3427 1699 3490 opus.
1788 3403 2099 3470 Diversae
2144 3404 2456 3470 lectiones
2519 3405 2675 3489 περί
2680 3425 2695 3467 :
2750 3395 2936 3485 παρά

631 3508 791 3572 satis
856 3507 1235 3592 ostendunt,
1299 3513 1717 3595 superstitem
1775 3512 2034 3577 literam
2096 3531 2145 3575 π
2208 3510 2289 3575 ab
2356 3510 2500 3574 aliis
2559 3511 2934 3596 suppletam

629 3613 830 3679 fuisse
863 3611 1096 3702 π(ερί),
1133 3615 1217 3700 ab
1255 3615 1398 3681 aliis
1437 3614 1695 3704 π(αρά).
1764 3617 1955 3684 Unde
1992 3616 2401 3684 scribendum
2437 3620 2626 3701 puto:
2674 3612 2759 3682 οὐ
2794 3611 2932 3702 μὴν

561 3729 572 3738 “
631 3714 800 3785 ἀλλὰ
859 3722 982 3784 καί
1031 3721 1102 3787 ΤΙ
1168 3733 1308 3800 τοῖς
1365 3725 1808 3806 βασκαίνουσι
1854 3763 1941 3773 —
1989 3725 2249 3800 αἰτίας
2300 3733 2587 3809 παρεῖχε.
2678 3721 2933 3790 Similia

633 3827 804 3912 apud
833 3826 1148 3894 Nostrum
1184 3830 1342 3895 trita
1381 3835 1549 3917 sunt,
1583 3835 1660 3897 ut
1693 3832 1937 3917 Poplic.
1975 3832 2044 3897 6:
2089 3832 2210 3896 καί
2244 3855 2318 3898 τι
2363 3867 2438 3878 -
2483 3828 2747 3908 ἐλπίδος
2792 3827 2925 3894 ἐνε-

632 3935 847 3999 δίδου.
935 3935 1043 4000 15;
1083 3930 1165 4000 οὐ
1192 3938 1520 4004 τοσοῦτον
1557 3977 1645 3986 -—
1670 3941 2062 4024 γλαφυρίας.
2137 3937 2372 4005 Coriol.
2416 3938 2525 4004 lO:
2562 3933 2840 4023 φθόνου
2866 3955 2927 3998 τι

629 4037 741 4105 καὶ
790 4036 989 4124 ζήλου
1033 4038 1357 4110 ὑπέκειτο.
1436 4045 1657 4130 Pelop.
1704 4046 1773 4112 8:
1822 4044 2057 4130 ἔτρεψέ
2087 4070 2151 4112 τι
2186 4046 2303 4130 τῆς
2355 4040 2639 4131 γνώμης.
2720 4043 2927 4110 Alcib.

630 4148 746 4213 37:
792 4142 1181 4234 ὑπονοήσας
1225 4176 1290 4218 τι
1345 4150 1458 4218 καὶ
1511 4154 1896 4239 προδοσίας.
1976 4152 2169 4240 Ages.
2220 4154 2332 4219 12:
2388 4148 2593 4218 οὐδὲν
2648 4150 2924 4230 ἐλλείψω

630 4259 1033 4340 προθυμίας.
1130 4257 1207 4323 G.
1262 4257 1533 4326 Gracch.
1594 4261 1703 4325 18:
1768 4255 1935 4325 ὅσον
1980 4255 2155 4345 εἶχεν
2210 4259 2445 4346 ἱμέρου
2507 4257 2618 4325 καὶ
2682 4257 2924 4326 πόθου.

629 4362 837 4429 Alibi:
883 4360 1202 4451 νέκταρός
1249 4389 1312 4432 τι
1357 4363 1470 4431 καὶ
1517 4361 1888 4452 ἀμβροσίας
1931 4366 2252 4448 ἐνέσταξε.
2298 4373 2365 4433 et
2407 4367 2671 4453 passim.

807 4471 1198 4538 Phocionis
1268 4474 1381 4538 17:
1450 4467 1494 4558 ἢ
1566 4471 1798 4558 βούλει
1862 4476 2192 4559 πυρκαϊᾶς
2260 4469 2658 4560 τηλικαύτης
2721 4470 2922 4556 οὔσης
