3200 5175
1471 356 1912 418 -14-..

545 535 760 599 anima
805 535 983 598 nasei
1030 555 1243 618 posse,
1295 533 1404 618 qui
1450 532 1615 596 nihil
1664 553 2001 596 commune
2041 553 2185 596 oum
2221 533 2320 615 iis,
2368 553 2530 616 quae
2570 553 2608 596 a
2647 553 2837 596 sensu

544 643 860 725 impressa
925 640 1082 722 sint,
1147 639 1404 703 habeat.
1497 636 1786 703 Similem
1849 639 1918 702 in
1983 638 2245 704 modum
2304 638 2504 702 etiam
2561 636 2839 702 Genium

545 749 825 813 Socratis
891 771 952 832 p.
999 747 1129 812 588
1161 769 1211 810 0.
1286 746 1607 830 explicare
1670 749 1963 826 conatur,
2036 745 2205 808 unde
2264 767 2395 810 non
2460 745 2624 809 nihil
2678 744 2839 808 lueis

542 857 767 919 nostro
813 855 958 918 loeo
1006 853 1292 938 affulget.
1368 848 1607 934 Ὅθεν,
1651 853 1893 937 inquit,
1937 846 2101 935 ἡμῖν
2146 854 2507 942 παρίστατο
2554 866 2839 915 σκοπου-

543 959 770 1043 μένοις
827 961 968 1046 ἰδία
1019 955 1188 1044 πρὸς
1241 953 1571 1042 ἀλλήλους
1615 953 1970 1039 ὑπονοεῖν,
2015 954 2267 1042 μήποτε
2309 953 2385 1023 τὸ
2435 952 2843 1038 Σωκράτους

545 1063 907 1151 δαιμόνιον
953 1061 1076 1130 οὐκ
1122 1061 1298 1147 ὄψις,
1345 1059 1511 1130 ἀλλὰ
1559 1066 1793 1149 φωνῆς
1838 1088 2021 1141 τινος
2058 1071 2373 1148 αἴσθησις
2409 1057 2451 1147 ἢ
2488 1059 2699 1145 λόγου
2734 1059 2841 1127 νό-

542 1191 692 1256 ησις
739 1179 862 1256 εἴη,
910 1167 1365 1248 συνάπτοντος
1410 1165 1635 1260 ἀτόπῳ
1681 1169 1815 1236 τινὶ
1860 1168 2083 1259 τρόπῳ
2126 1166 2291 1255 πρὸς
2328 1164 2563 1235 αὐτόν·
2618 1164 2839 1249 ω”σπερ

540 1273 702 1343 καθ’
752 1275 971 1345 ὕπνον
1019 1273 1141 1344 οὐκ
1189 1281 1326 1343 ἔστι
1375 1277 1592 1363 φωνή,
1640 1274 1863 1360 λόγων
1908 1275 1983 1342 δὲ
2028 1300 2237 1341 τινων
2284 1272 2484 1353 δόξας
2527 1272 2637 1339 καὶ
2683 1271 2837 1357 νοή·

546 1403 686 1461 σεις
739 1383 1196 1469 λαμβάνοντες
1249 1390 1507 1449 οἴονται
1555 1383 2045 1468 φθεγγομένων
2090 1378 2383 1448 ἀκούειν.
2459 1375 2657 1446 Ἀλλὰ
2702 1393 2841 1457 τοῖς

543 1489 668 1575 μὲν
712 1486 802 1568 ὡς
846 1485 1120 1575 ἀληθῶς
1165 1487 1358 1576 ὄναρ
1397 1486 1438 1574 ἡ
1477 1487 1751 1574 τοιαύτη
1790 1487 2059 1566 σύνεσις
2093 1492 2371 1572 γίνεται,
2418 1483 2510 1553 δι’
2552 1483 2838 1572 ἡσυχίαν

542 1596 652 1663 καὶ
699 1594 1001 1682 γαλήνην
1045 1599 1167 1663 τοῦ
1214 1597 1517 1682 σώματος
1554 1599 1797 1663 “ὈΤΑΝ
1846 1593 2259 1662 καθεύδωΕΙ
2281 1594 2317 1632 *
2358 1593 2841 1682 (supplendumt

544 1706 789 1771 “OTAN
841 1699 904 1769 δ’
957 1700 1390 1789 ἐγρηγορότες
1434 1703 1649 1788 ’ω(1,
1708 1705 1808 1768 vel
1855 1704 2062 1768 lenius
2093 1697 2332 1787 “Taceo
2382 1701 2495 1784 δέ,
2542 1706 2617 1766 ut
2660 1723 2839 1786 prae-

551 1833 774 1896 gresso
831 1806 1026 1896 ὄναρ
1074 1811 1477 1894 respondeat.
1560 1810 1638 1875 ef.
1685 1832 1745 1894 p.
1795 1810 1923 1875 826
1952 1810 2023 1874 b:
2074 1805 2265 1898 ᾤμην
2308 1810 2425 1892 τῆς
2472 1845 2555 1854 -
2603 1803 2839 1894 ἀρετῆς

544 1913 749 2001 ὕπαρ
797 1911 920 1982 οὐκ
958 1912 1152 2000 ὄναρ
1189 1910 1478 1980 ἀκοῦσαι
1515 1913 1869 2002 λεγούσης)
1904 1913 2097 2001 μόλις
2132 1913 2421 2000 ἐπήκοον
2457 1918 2682 2000 ἔχουσι
2718 1911 2842 1998 τὴν

546 2021 767 2109 ψυχὴν
813 2027 951 2089 τῶν
995 2020 1398 2108 κρειττόνων
1445 2059 1530 2070 ——
1580 2061 1683 2088 ——-.
1756 2021 2102 2110 Σωκράτει
2150 2021 2225 2088 δὲ
2266 2018 2301 2089 ὁ
2341 2024 2507 2098 νοῦς
2540 2017 2840 2103 καθαρὸς

545 2125 644 2196 ω”ν
700 2128 810 2194 καὶ
869 2123 1138 2212 ἀπαθὴς
1185 2166 1265 2175 -
1317 2124 1571 2212 εὐαφὴς
1624 2119 1713 2212 ἦν
1769 2126 1879 2194 καὶ
1926 2125 2169 2214 ληπτὸς
2214 2123 2344 2194 ὑπὸ
2391 2130 2515 2224 τοῦ
2559 2146 2839 2211 προσπε-

546 2233 784 2313 σόντος
846 2230 1046 2312 ὀξέως
1106 2237 1526 2318 μεταβαλεῖν·
1599 2230 1675 2298 τὸ
1741 2230 1815 2298 δὲ
1877 2247 2293 2319 προσπῖπτον
2358 2231 2441 2300 οὐ
2505 2233 2839 2319 φθόγγον,

542 2338 710 2407 ἀλλὰ
767 2339 976 2426 λόγον
1031 2335 1117 2406 ἂν
1173 2365 1272 2419 τις
1327 2338 1669 2408 εἰκάσειε
1716 2341 1908 2428 (1111111
1954 2344 2161 2426 deest,
2217 2344 2297 2407 ef.
2345 2344 2569 2407 Artax.
2617 2344 2687 2406 3:
2752 2336 2841 2426 ἣν

534 2445 834 2533 Ἀθηνᾶν
879 2442 964 2514 ἀν
1011 2474 1110 2527 τις
1157 2446 1506 2535 εἰκάσειεν)
1545 2451 1887 2534 δαίμονος,
1936 2445 2127 2515 ἄνευ
2173 2451 2440 2535 φωνῆς
2477 2447 2840 2534 ἐφαπτόμε-

550 2581 675 2622 νον
729 2550 909 2645 αὐτςό
966 2557 1056 2643 τῷ
1115 2556 1505 2643 δηλουμένῳ
1563 2556 1686 2622 τοῦ
1730 2558 2071 2633 νοοῦντος.
2126 2594 2198 2604 --
2252 2594 2336 2605 --
2390 2594 2464 2603 —
2520 2594 2597 2603 ——
2650 2557 2726 2622 αἱ
2766 2553 2843 2621 δὲ

543 2664 680 2727 τῶν
745 2658 1093 2746 δαιμόνων
1140 2660 1462 2747 (νοήσεις)
1527 2661 1775 2746 φέγγος
1829 2666 2099 2747 ἔχουσαι
2152 2674 2291 2741 τοῖς
2348 2664 2694 2747 δεομένοις
2740 2662 2842 2728 έλ-

545 2765 927 2853 λάμπουσιν
975 2763 1060 2833 οὐ
1105 2765 1416 2853 δεόμεναι
1465 2766 1781 2854 ῥημάτων
1828 2764 1980 2834 οὐδ’
2032 2765 2387 2854 ὀνομάτων
2424 2774 2487 2834 et
2524 2792 2700 2855 seqq.
2738 2792 2840 2833 us-

547 2898 668 2960 que
717 2876 798 2940 ad
843 2876 1058 2940 finem.
1094 2912 1168 2921 —-
1201 2876 1449 2941 Eodem
1495 2878 1689 2942 modo
1736 2898 1915 2941 error
1952 2899 2192 2961 eorum,
2240 2878 2348 2961 qui
2385 2876 2839 2943 Parmenontis

545 3004 726 3047 suem
765 2984 1270 3066 admirabantur,
1309 2984 1613 3067 explicari
1650 2988 1893 3067 potest3
1934 3006 2077 3048 cum
2115 2984 2287 3047 enim
2324 2983 2494 3047 falsa
2533 2984 2837 3067 opinione

547 3112 679 3153 non
719 3111 752 3152 e
783 3090 1078 3154 sensibus
1119 3090 1228 3153 sed
1267 3112 1343 3153 ex
1379 3091 1611 3155 affeetu
1648 3091 1761 3155 illo
1798 3091 2113 3155 inanimo
2151 3094 2307 3155 nato
2345 3090 2637 3174 profecta
2663 3094 2841 3153 tene-

545 3199 786 3278 rentur,
822 3196 1190 3260 verisimilis
1226 3218 1358 3261 non
1395 3198 1660 3281 porcelli
1702 3198 1813 3262 sed
1842 3198 2289 3262 Parmenontis
2326 3218 2449 3261 vox
2483 3196 2838 3260 videbatur.

549 3338 622 3347 —
660 3302 759 3367 De
807 3307 1329 3367 συναναπείθειν
1377 3304 1454 3368 cf.
1501 3305 1745 3388 Poplie.
1792 3306 1897 3369 21.
1945 3308 2011 3369 et
2055 3327 2114 3388 p.
2162 3304 2291 3367 448
2324 3303 2391 3366 f.:
2440 3319 2839 3367 συνεπισπα-

546 3408 859 3503 σαμένου
886 3410 1008 3474 τοῦ
1053 3412 1380 3494 λογισμοῦ
1425 3408 1537 3475 καὶ
1583 3412 2197 3485 συναναπείσαντος
2240 3406 2314 3473 τὸ
2362 3405 2757 3492 παθητικόν.

720 3516 821 3579 Ex
883 3518 962 3580 iis
1028 3540 1192 3602 quae
1258 3518 1387 3582 dixi
1435 3520 1592 3583 satis
1642 3522 1939 3603 apparet,
2002 3518 2249 3602 opinor,
2304 3518 2516 3582 locum
2574 3516 2651 3579 de
2709 3537 2835 3598 quo

545 3644 754 3686 sermo
803 3626 918 3706 est,
963 3645 1098 3687 non
1145 3625 1622 3691 sollicitandum
1669 3648 1825 3691 esse.
2806 3688 2814 3695 .

725 3728 807 3792 In
855 3729 1078 3794 eodem
1125 3752 1262 3814 cap.
1306 3735 1461 3795 extr.
1498 3733 1658 3796 haee
1696 3734 2023 3816 leguntur:
2070 3725 2238 3795 ἀλλὰ
2285 3732 2421 3795 τῶν
2464 3728 2589 3814 μὲν
2628 3734 2839 3795 θείων

540 3832 622 3901 τὰ
677 3832 888 3901 πολλά
943 3830 1102 3901 καθ’
1144 3832 1574 3923 “Ηράκλειτον
1633 3834 1954 3923 ἀπιστίῃ
2016 3834 2459 3923 διαφυγγάνει
2506 3835 2596 3922 μὴ
2644 3833 2839 3920 γινώ-

548 3950 848 4008 σκεσθαι.
941 3943 1240 4007 Amiotus
1299 3948 1610 4008 verterat:
1668 3944 1728 4007 A
1782 3945 1956 4008 faute
2013 3945 2089 4009 de
2146 3946 2256 4029 foy
2312 3946 2699 4009 deviennent
2743 3945 2838 4008 in-

544 4074 810 4116 eonnus.
893 4048 1196 4114 Reiskius
1244 4048 1612 4113 dubitanter
1656 4051 1997 4135 proposuit
2040 4048 2324 4137 ἀπυστίῃ
2358 4051 2474 4120 ‚vel
2518 4045 2836 4136 ἀπευστίῃ

544 4159 612 4222 111
657 4158 828 4221 1111110
876 4178 1164 4221 sensum:
1221 4156 1416 4240 ‘quod
1471 4156 1548 4220 de
1595 4160 1859 4222 numine
1905 4158 2077 4222 haud
2124 4160 2509 4243 quaerimuS,
2554 4158 2697 4222 ideo
2745 4158 2838 4221 nil

546 4266 684 4348 ejus
715 4269 1068 4347 ·tenemUS,
1133 4263 1234 4327 vel
1300 4263 1450 4347 quia
1505 4264 1725 4329 divina
1780 4288 1919 4329 esse
1974 4288 2106 4330 non
2163 4264 2548 4330 creduntur?
2642 4264 2839 4329 Cuius

546 4372 1009 4435 correctionem
1057 4368 1296 4434 Coraes
1355 4372 1758 4455 comprobat,
1814 4374 2419 4457 interpretationem
2476 4395 2608 4437 non
2654 4360 2839 4438 item:

554 4470 737 4563 παρὰ
786 4473 1219 4564 Πλουτάρχῳ,
1264 4478 1502 4561 inquit,
1551 4477 1967 4564 (έκληπτέον)
2012 4477 2118 4543 ἐπὶ
2163 4480 2285 4543 τοῦ
2331 4474 2635 4566 ἀνηκοΐῃ,
2682 4475 2845 4543 κατὰ
