3200 5175
1265 334 1351 346 -—
1448 300 1754 368 103-

346 501 411 563 p.
450 476 586 544 545
614 478 685 543 b:
721 477 858 545 τῶν
896 474 972 544 δὲ
1008 479 1228 564 φίλων
1262 475 1374 544 καὶ
1419 479 1715 544 πολιτῶν
1755 472 1838 544 οὐ
1866 474 2083 564 μόνον
2120 475 2257 544 ἐστὶ
2291 475 2453 557 τοὺς
2485 486 2651 567 θρα-

346 584 771 671 συνομένους
834 583 1311 671 καταστορέσαι
1374 583 1487 650 καὶ
1548 586 1825 672 ποιῆσαι
1882 584 2423 670 ταπεινοτέρους,
2480 581 2653 652 ἀλλὰ

345 689 460 758 καὶ
506 689 666 770 τοὺς
708 688 1122 779 περιφόβους
1164 690 1276 758 καὶ
1322 693 1745 777 καταπλῆγας
1790 690 2060 778 ἐξᾶραι
2104 687 2307 757 πάλιν
2352 690 2463 758 καὶ
2508 714 2651 758 πα-

345 823 494 886 ρορ
506 799 605 884 μῆ
618 815 777 882 σαι,
823 797 1248 884 χρησάμενον
1293 797 1370 864 ἐν
1415 796 1639 865 δέοντι
1694 800 2119 886 μεγαλαυχίᾳ.
2200 797 2298 864 De
2350 797 2645 878 συνεξαί·

346 929 496 991 ρειν
553 905 630 971 cf.
674 929 737 990 p.
785 907 918 972 690
946 929 1004 970 a.
1059 906 1188 972 819
1218 905 1262 970 f.
1342 904 1568 970 Pericl.
1616 907 1688 970 4:
1753 898 1925 981 ὄλως
1969 928 2041 969 τε
2094 907 2494 990 μετεωρίσας
2536 904 2649 972 καὶ

346 1008 723 1098 συνεξάρας
766 1007 843 1077 τὸ
892 1005 1147 1099 ἀξίωμα
1190 1013 1313 1078 τοῦ
1357 1007 1592 1096 ἤθους.
1675 1010 1775 1077 De
1813 1007 2036 1095 γεύειν
2086 1011 2165 1077 cf.
2201 1035 2262 1097 p.
2300 1013 2431 1078 982
2456 1013 2515 1080 d.
2566 1051 2642 1061 —

353 1119 528 1186 1106
557 1119 603 1199 f.
685 1118 841 1204 Lyc.
879 1123 946 1184 et
983 1117 1176 1186 Num.
1215 1141 1495 1204 compar.
1528 1121 1562 1184 1
1596 1143 1647 1185 s,
1683 1119 1737 1184 f:
1782 1114 1939 1196 τοὺς
1972 1155 2048 1166 --
2092 1115 2381 1197 δούλους
2419 1121 2648 1204 ἔγευσε

345 1227 548 1313 τιμῆς
593 1224 967 1312 ἐλευθέρας.
1048 1226 1272 1311 Pomp.
1319 1227 1432 1294 28:
1477 1229 1637 1310 βίου
1680 1222 1905 1311 γεύειν
1950 1224 2296 1304 ἐπιεικοῦς.
2358 1225 2551 1294 Dion.
2589 1229 2648 1293 9.

525 1331 667 1399 Lib.
693 1332 812 1417 III,
840 1332 892 1417 I,
922 1333 963 1398 3
1001 1329 1090 1418 (p.
1135 1334 1261 1398 647
1293 1332 1394 1419 b):
1423 1331 1707 1418 μάλιστα
1742 1331 1868 1418 μὲν
1903 1329 2032 1418 γὰρ
2071 1328 2107 1400 ὁ
2138 1328 2443 1420 ἄκρατος,
2485 1329 2649 1400 ὅταν

341 1439 462 1523 τῆς
505 1441 800 1525 κεφαλῆς
835 1435 1223 1524 καθάψηται
1269 1438 1379 1506 καὶ
1415 1437 1679 1527 τονώσῃ
1718 1436 1797 1506 τὰ
1844 1437 2116 1525 σώματα
2157 1436 2325 1524 πρὸς
2359 1435 2477 1517 τὰς
2511 1441 2649 1506 τῶν

345 1541 738 1631 αἰσθήσεων
800 1542 1072 1632 ἀρχάς,
1139 1545 1560 1632 ἐπιταράσσει
1624 1543 1746 1614 τὸν
1802 1542 2251 1632 ἄνθρωπον.
2340 1547 2645 1613 Reiskius

349 1653 628 1718 coniecit
671 1648 839 1738 πρὸς
890 1665 1035 1732 ταῖς
1080 1689 1166 1700 -
1213 1649 1448 1738 ἀρχαῖς
1500 1655 1606 1719 vel
1658 1652 1807 1740 περὶ
1860 1649 1975 1730 τὰς
2018 1690 2105 1701 -—
2158 1649 2364 1738 ἀρχάς
2419 1656 2522 1720 vel
2566 1649 2647 1720 τὰ

353 1757 653 1844 σώματα,
696 1755 815 1837 τὰς
857 1760 994 1828 τῶν
1040 1757 1427 1845 αἰσθήσεων
1470 1755 1678 1846 ἀρχὰς
1730 1759 2136 1846 ἐπιταράττει
2190 1761 2325 1826 τῶν
2381 1754 2647 1846 ἀνθρω-

343 1888 515 1932 πων.
607 1866 1107 1934 Herwerdenus:
1166 1863 1334 1948 πρὸς
1385 1863 1502 1946 τὰς
1553 1904 1629 1914 --
1690 1863 1968 1952 ἀκμάς,
2035 1868 2219 1933 ‘nam
2274 1890 2485 1934 sermo
2548 1871 2649 1933 est

344 1973 428 2038 de
486 1974 693 2039 nimia
745 1975 1133 2056 intentione,
1190 1997 1318 2060 qua
1372 1976 1595 2041 vinum
1662 1998 1933 2060 corpora
1995 1976 2089 2040 ita
2144 1975 2372 2059 afficit,
2436 1978 2511 2040 ut
2565 1976 2646 2042 ad

343 2083 605 2148 culmen
649 2080 1077 2165 perducatur?
1122 2118 1196 2128 -
1248 2080 1433 2146 Nihil
1481 2082 1959 2148 sollicitandum
1992 2104 2131 2147 esse
2176 2081 2341 2148 mihi
2383 2104 2643 2167 persua-

343 2211 492 2254 sum
546 2188 702 2274 fuit,
759 2187 1107 2255 dummodo
1174 2189 1370 2254 verba
1416 2183 1583 2273 πρὸς
1636 2184 1753 2266 τὰς
1796 2189 1931 2254 τῶν
1988 2185 2373 2274 αἰσθήσεων
2438 2184 2646 2273 ἀρχάς

340 2299 522 2360 recte
561 2294 1038 2382 intellegantur,
1074 2295 1112 2360 i.
1155 2317 1206 2360 e.
1244 2296 1644 2381 intenditque
1682 2317 1955 2381 corpora
1997 2316 2189 2378 usque
2227 2297 2314 2362 ad
2352 2316 2644 2362 sensuum

327 2403 678 2488 primm,
707 2407 774 2468 et
810 2423 1116 2468 sensuum
1153 2403 1474 2488 principia
1511 2404 1580 2467 in
1618 2403 1827 2487 eapite
1867 2406 2034 2467 sunt.
2094 2400 2300 2469 simil.
2326 2426 2390 2488 p.
2428 2404 2560 2470 694
2580 2426 2640 2470 e:

345 2507 454 2575 ἐπὶ
499 2504 617 2588 τὰς
658 2509 777 2595 τῆς
821 2505 1148 2595 κινήσεως
1191 2507 1302 2576 καὶ
1349 2503 1691 2595 ἀναπνοῆς
1737 2502 1994 2595 ἀρχάς.
2454 2592 2459 2597 ,

523 2656 613 2665 -
658 2618 745 2701 ΙΙ,
788 2620 821 2684 1
863 2618 953 2705 (p.
993 2619 1120 2683 649
1141 2616 1239 2706 b):
1285 2614 1505 2702 ὥσπερ
1545 2612 1915 2704 ὁδοιπόρου
1951 2609 2043 2681 δι’
2085 2611 2449 2682 ἀσθένειαν
2490 2622 2642 2683 πολ-

339 2723 534 2803 λάκις
593 2720 1151 2806 ἀποκαθίζοντος,
1215 2719 1355 2791 εἶτα
1415 2721 1621 2791 πάλιν
1684 2722 2134 2810 ἐρχομένου.
2218 2722 2641 2790 Scribendum

339 2836 506 2919 puto
550 2827 930 2917 ἀρχομένου
976 2830 1090 2915 (so.
1137 2828 1597 2918 πορεύεσθαι).

528 2976 604 2987 -
656 2937 777 3024 111,
829 2940 862 3003 1
914 2938 1113 3003 scrib:
1157 2936 1285 3003 καὶ
1332 2940 1396 3003 εί
1436 2936 1586 3022 περὶ
1632 2938 1768 3002 τῶν
1813 2938 2153 3021 γυναικῶν
2198 2960 2317 3023 pro
2362 2932 2506 3004 κᾶν.

530 3081 605 3094 -
657 3044 772 3130 IV,
820 3046 861 3111 3
907 3067 1026 3130 pro
1071 3041 1337 3110 πύθου
1380 3045 1607 3111 immo:
1652 3046 1904 3110 πυθοῦ.

521 3190 606 3201 --—
653 3151 767 3238 VI,
813 3153 855 3217 3
904 3151 992 3237 (p.
1041 3152 1172 3218 655
1200 3149 1300 3237 b):
1347 3144 1433 3217 ἂν
1482 3148 1556 3217 δὲ
1606 3153 1851 3229 ἱκανῶς
1895 3153 2064 3236 ἔχων
2119 3175 2219 3230 τις
2272 3147 2482 3217 αὑτοῦ
2528 3150 2638 3218 καὶ

340 3263 622 3344 μετρίως
668 3256 1142 3343 διακεχυμένος
1185 3259 1306 3323 τοΐ
1344 3281 1414 3323 τε
1452 3255 1755 3344 σώματος
1784 3253 1995 3324 αὐτοῦ
2029 3260 2330 3343 μαλακοί
2373 3255 2640 3343 γεγονό-

339 3391 455 3444 τος
498 3364 609 3431 καὶ
666 3365 784 3451 τῆς
827 3365 1042 3450 ψυχῆς
1095 3362 1522 3451 παρεστώσης
1578 3360 1691 3430 διὰ
1741 3360 1995 3450 χρόνου
2038 3366 2307 3449 ποιῆται
2358 3360 2482 3449 τὴν
2539 3367 2638 3430 ἔν-

343 3472 600 3557 τευξιν,
647 3468 802 3540 οὔτε
844 3467 1138 3557 ταραχὴν
1185 3468 1614 3556 ἀπεργάζεται
1670 3467 1966 3556 μεγάλην
2023 3465 2135 3537 διὰ
2188 3465 2306 3537 τὸν
2366 3466 2573 3555 ὄγκον
2602 3472 2637 3513 *

340 3576 421 3647 τὰ
465 3580 628 3665 γένη
675 3575 870 3659 ψύξις
922 3571 963 3663 ἦ
1011 3575 1364 3663 μετάθεσις
1411 3576 1478 3657 ἐξ
1523 3578 1723 3663 ἕδρας
1770 3573 2070 3663 ἀτόμων,
2117 3567 2160 3665 ᾗ
2206 3595 2414 3663 φησιν
2466 3572 2635 3645 Ἐπί-

339 3712 586 3773 κουρος
641 3691 775 3752 κτλ.
875 3684 1244 3771 Stephanus
1300 3686 1501 3752 dedita
1565 3680 1679 3751 διὰ
1730 3680 1851 3752 τὸν
1907 3681 2112 3769 ὄγκον
2164 3680 2330 3752 κατά
2385 3709 2460 3770 γε
2512 3681 2637 3771 τὴν

187 3832 206 3845 ·
340 3792 549 3861 νύκτα
603 3788 638 3859 ’ἱ
692 3789 869 3879 ψυχὴ
922 3786 965 3877 ἢ
1018 3789 1373 3877 μετάθεσις
1415 3790 1505 3858 κὲ.
1592 3792 1929 3879 Wyttenb.
1987 3794 2285 3861 coniecit:
2347 3788 2460 3858 διὰ
2514 3788 2635 3859 τὸν

342 3897 546 3986 ὄγκον
603 3896 756 3967 οὔτε
812 3897 891 3984 γέ
937 3924 1090 3967 τινα
1145 3903 1389 3979 θλίψιν
1443 3894 1484 3985 ἢ
1541 3900 1919 3986 μετάθεσιν.
2000 3902 2135 3967 Alii
2191 3902 2334 3966 alia.
2415 3899 2636 3966 Verba

339 4004 537 4088 ψύξις
581 4000 622 4093 ἢ
666 4003 1022 4093 μετάθεσις
1065 4011 1237 4074 reete
1285 4030 1352 4073 se
1398 4009 1639 4073 habere
1686 4008 1971 4075 ostendit
2014 4031 2077 4093 p.
2132 4008 2301 4073 1110
2318 4008 2387 4072 b:
2433 4024 2633 4091 προσ-

339 4120 571 4201 τίθησι
625 4112 700 4181 δὲ
755 4110 858 4180 ὅτι
902 4112 1220 4192 πολλάκις
1275 4110 1423 4180 οὐδ’
1484 4104 1698 4199 ἦλθεν
1755 4117 1849 4192 εἰς
1904 4110 1978 4180 τὸ
2034 4116 2226 4199 σῶμα
2280 4120 2632 4199 θερμαντι-

338 4218 466 4307 κῆν
511 4220 848 4308 ἐπιφέρων
893 4215 934 4307 ἢ
981 4216 1308 4305 ψυκτικὴν
1355 4217 1649 4305 δύναμιν
1695 4216 1731 4288 ὁ
1773 4216 1981 4304 οἶνος,
2022 4215 2191 4287 ἀλλὰ
2235 4221 2634 4305 κινηθέντος

337 4332 462 4397 τοῦ
506 4325 716 4414 ὄγκου
751 4327 862 4395 καὶ
901 4327 1265 4414 γενομένης
1306 4328 1443 4393 τῶν
1489 4323 1818 4412 σωμάτων
1857 4322 2329 4412 μεταστάσεως,
2376 4329 2451 4393 αἰ
2488 4351 2633 4396 ποι-

340 4437 538 4505 οῦσαι
582 4432 659 4503 τὸ
705 4431 968 4523 θερμὸν
1012 4431 1249 4521 ἄτομοι
1293 4434 1425 4501 νῦν
1472 4430 1595 4520 μὲν
1643 4437 1993 4523 συνῆλθον
2048 4436 2141 4513 εἰς
2182 4430 2260 4503 τὸ
2312 4429 2476 4503 αὐτὸ
2521 4434 2633 4505 καὶ
