3200 5175
1266 292 1706 361 *97*

337 462 702 555 ἀπληστίας
747 462 1033 557 ἀφῖχθαι
1089 466 1298 539 αὐτοῦ
1353 470 1464 538 καὶ
1518 473 1636 557 τῆς
1690 466 2111 559 ἀφροσύνης,
2164 468 2503 559 ἥκοντος
2558 475 2632 542 ἐν

335 581 573 664 βραχεῖ
610 580 822 668 καιρῷ
871 580 1398 663 διακυβεῦσαι
1443 578 1595 665 περὶ
1640 581 1757 664 τῆς
1798 575 2157 665 ἡγεμονίας
2192 577 2326 667 ἅμα
2362 580 2473 649 καὶ
2508 583 2635 648 τοῦ

340 680 659 769 σώματος.
750 686 853 751 Ita
903 686 1307 753 DuebneruS.
1401 684 1687 753 Cobetus
1746 688 2075 753 observat:
2151 688 2471 755 ‘Primum
2518 690 2631 755 du-

336 792 576 877 plicato
636 791 900 859 nomine
963 793 1400 861 scribendum:
1465 788 1555 870 ὦς
1608 789 2046 877 κατάσκοπος,
2112 796 2633 863 ΚΑΤΑΕΚΟΠΟ(

335 899 482 983 ἔφη.
564 898 907 965 Praeterea
963 900 1232 967 emenda
1277 901 1691 977 ΜΕΛΛοντος
1742 901 2177 985 διακυβεῦσαι
2221 925 2339 987 pro
2380 898 2633 969 ‘'HKov-

332 1004 488 1082 τος.’
534 1043 610 1053 -
659 1004 980 1091 Equidem
1024 1010 1328 1073 neutrum
1362 1008 1594 1073 vellem
1643 1032 1681 1073 a
1720 1006 1967 1075 Cobeto
2005 1008 2269 1075 factum.
2342 1008 2633 1075 Primum

335 1111 508 1177 enim
567 1116 824 1197 praeter
877 1112 1332 1199 Didotianam,
1394 1116 1508 1181 ubi
1572 1138 1789 1182 errore
1852 1116 2326 1201 typographico
2394 1138 2633 1182 nomen

333 1214 750 1297 κατάσκοπος
793 1243 928 1287 non
961 1221 1343 1307 duplicatur,
1388 1226 1641 1287 ceterae
1688 1221 1870 1287 dant:
1916 1215 2007 1297 ὥς
2045 1218 2478 1308 κατάσκοπος,
2524 1220 2635 1288 καὶ
2728 1226 2733 1235 “

334 1324 750 1404 κατάσκοπος
793 1329 919 1413 ἔφη
956 1329 1074 1413 τῆς
1107 1322 1471 1413 ἀπληστίας
1506 1334 1641 1395 κτλ.
1723 1328 1977 1393 Deinde
2014 1352 2133 1413 pro
2176 1325 2511 1414 ἥκοντος
2548 1366 2633 1377 ·--

336 1432 776 1517 διακυβεῦσαι
841 1436 1243 1501 emendando
1318 1435 1750 1521 μέλλοντος
1805 1473 1889 1482 -
1948 1436 2477 1519 διακυβεῦσαι
2534 1438 2635 1503 sui

336 1539 478 1623 ipse
525 1540 766 1607 oblitus
813 1546 914 1607 est
968 1542 1068 1607 vir
1122 1543 1441 1628 egregius,
1489 1564 1635 1609 cum
1688 1545 1945 1627 praeter
1988 1542 2443 1607 necessitatem
2488 1541 2635 1607 Plu-

334 1646 636 1713 tarchum
693 1670 924 1733 parum
985 1652 1160 1715 recte
1218 1649 1592 1733 loquentem
1650 1649 1877 1733 faciat3
1941 1647 2300 1733 μέλλοντος
2363 1648 2634 1713 διακυ-

335 1752 622 1837 βεῦσαι
665 1776 784 1839 pro
830 1752 1009 1839 μέλλ.
1056 1751 1627 1839 διακυβεύσειν
1674 1756 1798 1821 dici
1843 1777 1979 1821 non
2015 1777 2207 1839 posse
2254 1755 2395 1840 ipse
2434 1754 2637 1821 Cobe-

337 1864 446 1925 tus
489 1861 562 1925 ni
608 1861 802 1928 fallor
855 1862 1014 1927 alibi
1073 1862 1307 1930 docuit.
1391 1862 1635 1929 Verum
1688 1867 1908 1929 tamen
1961 1856 2295 1947 ἥκοντος
2340 1898 2422 1911 -—·
2474 1862 2638 1927 δια-

337 1967 726 2050 κυβεῦσαι
772 1968 935 2033 bene
982 1973 1084 2035 est
1129 1973 1196 2035 et
1241 1992 1362 2035 usu
1398 1970 1777 2053 plutarcheo
1826 1970 2273 2053 confirmatur,
2317 1968 2397 2033 cf.
2444 1990 2538 2034 ex.
2586 1990 2637 2034 c.

337 2095 400 2157 p.
446 2075 534 2139 48
565 2096 626 2139 c:
672 2069 887 2151 οὕτως
929 2082 998 2141 εἴ
1034 2100 1134 2152 τις
1177 2070 1387 2161 ἥκων
1434 2073 1646 2160 λόγου
1689 2077 2166 2161 μεταλαβεῖν
2221 2070 2387 2158 πρὸς
2431 2070 2640 2140 ἄλλον

288 2196 300 2209 ·
341 2174 470 2245 οὐκ
508 2186 716 2247 οἴεται
754 2181 900 2247 δεῖν
945 2184 1093 2265 φῶς
1128 2184 1379 2248 οἰκεῖον
1419 2179 1740 2262 ἐξάπτειν.
1816 2180 2179 2247 Secundum
2216 2183 2393 2267 leges
2430 2202 2641 2266 gram-

340 2287 613 2353 maticas
676 2292 934 2374 poterat
1002 2312 1159 2355 sane
1223 2290 1433 2357 dicere
1498 2290 1695 2355 etiam
1752 2283 2109 2372 ἥκΟΝΤΟ(
2158 2324 2241 2335 --
2290 2283 2638 2370 διακυβεύ-

341 2392 688 2477 σΟΝΤΟΕ,
745 2395 856 2459 sed
918 2397 1120 2480 auris,
1164 2400 1240 2463 ut
1283 2396 1563 2481 videtur,
1619 2394 2031 2479 impediebat.
2114 2393 2257 2459 Hac
2311 2394 2516 2479 igitur
2561 2416 2639 2457 ex

339 2503 529 2585 parte
577 2502 787 2567 oratio
833 2525 967 2569 non
1012 2504 1293 2589 laborat,
1341 2507 1537 2590 atque
1595 2503 1652 2567 si
1705 2524 1824 2588 pro
1880 2495 2265 2585 ἀναχθείς
2321 2501 2641 2567 scribatur

339 2601 759 2696 (ἐπαχθείς,
804 2614 878 2674 ut
923 2615 1072 2678 ante
1117 2611 1341 2676 monui
1389 2607 1478 2698 (p.
1528 2611 1614 2676 70
1643 2607 1733 2697 c),
1780 2611 1999 2676 omnia
2053 2613 2227 2675 recte
2272 2608 2640 2694 procedent.

344 2711 646 2780 Ceterum
693 2717 962 2782 eandem
999 2718 1077 2783 de
1113 2717 1408 2804 Diogene
1453 2719 2007 2783 narratiunculam
2044 2715 2283 2780 eisdem
2319 2716 2456 2781 fere
2502 2737 2638 2781 ver-

342 2820 444 2885 bis
489 2844 552 2906 p.
602 2822 687 2887 70
715 2845 750 2887 c
795 2826 1052 2908 repetit.
1934 2897 1943 2906 ,

518 2926 982 3014 quaestiones
1031 2929 1432 2998 convivales
1478 2931 1622 2996 Lib.
1665 2929 1716 3016 Ι,
1752 2929 1839 3018 II,
1876 2931 1917 2996 3
1967 2927 2058 3016 (p.
2106 2930 2237 2996 616
2268 2929 2365 3017 d):
2409 2925 2521 2995 καὶ
2557 2925 2639 2995 τὰ

343 3031 466 3118 μὲν
503 3029 670 3100 ἅλλα
715 3031 903 3121 πάθη
940 3033 1358 3124 πειρώμενον
1405 3033 1723 3105 ἀνιέναι
1767 3041 2115 3126 συνουσία,
2150 3032 2271 3102 τὸν
2310 3033 2384 3102 δὲ
2418 3037 2641 3122 τῦφον

185 3198 211 3224 ‚
345 3137 906 3221 ἐπισκευάζοντα*
966 3137 1048 3209 ὃν
1103 3141 1278 3210 πολὺ
1332 3145 1590 3230 μᾶλλον
1637 3140 1823 3230 οἶμαι
1880 3141 2199 3229 προσήκει
2253 3144 2371 3227 τῆς
2424 3143 2643 3228 ψυχῆς

341 3253 474 3314 κτλ.
573 3247 948 3334 Requiritur
1019 3252 1289 3317 verbum
1363 3253 1535 3337 quod
1612 3277 1671 3318 v.
1746 3246 2008 3317 ἀνιέναι
2083 3251 2455 3335 oppositum
2539 3250 2640 3314 sit.

341 3354 643 3422 Fortasse
689 3357 890 3442 igitur
935 3359 1390 3444 supplendum:
1432 3353 1564 3425 ἘΠ
1569 3354 1991 3436 Ισκευάζοντα
2040 3350 2513 3439 [ἘΠΙτει’νειν],
2560 3347 2643 3419 ὃν

340 3457 514 3527 πολὺ
560 3462 817 3546 μᾶλλον
863 3462 954 3530 κε’.
1030 3458 1321 3532 Ἀνιέναι
1369 3469 1434 3532 et
1481 3463 1834 3530 ἐπιτείνειν
1882 3465 2237 3529 sexcenties
2282 3463 2456 3529 inter
2500 3483 2641 3526 sese

343 3574 756 3654 opponuntur
802 3571 879 3636 cf.
925 3595 988 3656 p.
1037 3573 1166 3637 618
1197 3593 1250 3638 e.
1321 3571 1541 3656 Pelop.
1587 3571 1695 3637 29.

518 3676 770 3743 Ibidem
824 3680 869 3743 4
907 3671 1016 3764 ⁴(p.
1074 3678 1201 3743 617
1234 3676 1323 3766 c):
1389 3680 1606 3744 καίτοι
1669 3676 1880 3763 φησὶν
1952 3673 1987 3744 ὁ
2054 3677 2281 3763 Τίμων
2344 3669 2429 3745 οὐ
2495 3675 2641 3743 δεῖν

341 3773 776 3868 ἀφαιρεῖσθαι
832 3780 934 3849 ἑνὶ
988 3783 1473 3872 Προσνέμοντα
1526 3780 1653 3870 τὴν
1713 3781 1940 3871 τιμήν·
1999 3781 2160 3872 ὅπερ
2219 3780 2421 3862 αὐτὸς
2466 3786 2639 3850 ἔοικε

344 3895 584 3956 Ποιεῖν
632 3891 906 3975 μᾶλλον.
988 3890 1209 3958 Verba
1253 3892 1714 3978 προσνέμοντα
1765 3929 1840 3938 -
1893 3893 2065 3958 ἔοικε
2111 3915 2188 3958 ex
2232 3892 2439 3957 Palat.
2494 3914 2642 3976 sup·

342 3999 542 4083 plevit
575 3997 908 4083 Wyttenb.
985 3999 1198 4066 Ceteri
1239 4022 1492 4067 omnes:
1538 3993 1979 4084 ἀφαιρεῖσθαι
2026 4000 2127 4064 τῶ
2138 4025 2179 4065 ν
2224 3995 2489 4065 ἄλλων
2540 3995 2642 4063 ἑνὶ

342 4116 562 4171 ποιεῖν
627 4106 901 4190 μᾶλλον.
1005 4105 1390 4173 Omissionis
1447 4128 1643 4171 causa
1695 4106 1764 4170 in
1823 4106 2169 4190 propatulo
2226 4107 2353 4188 est3
2409 4103 2643 4169 descri-

347 4211 562 4278 bentis
621 4211 789 4277 oculi
849 4213 931 4277 ab
990 4208 1098 4277 ἑνί
1155 4213 1236 4278 ad
1289 4221 1510 4279 ποιεῖν
1572 4213 2059 4276 transiluerunt.
2158 4211 2326 4276 Τῶν
2382 4205 2643 4276 ἄλλων

343 4321 567 4384 tamen
613 4322 764 4383 ante
813 4313 921 4383 ἑνί
957 4319 1246 4403 positum
1290 4341 1425 4385 non
1471 4322 1570 4384 est
1616 4341 1728 4384 cur
1774 4317 2099 4384 eiciamus.
2182 4315 2640 4383 Scribendum:

345 4419 787 4512 ἀφαιρεῖσθαι
832 4425 968 4490 τῶν
1015 4420 1240 4490 ἄλλων
1287 4422 1389 4490 ἑνὶ
1434 4424 1897 4511 προσνέμοντα
1948 4421 2038 4489 κέ.

457 4539 698 4589 symbolae
727 4539 914 4581 criticae
941 4543 988 4581 et
1012 4539 1242 4590 palmer.
1269 4539 1321 4580 in
1345 4539 1465 4580 Plut.
2184 4534 2215 4586 7
