3200 5175
1255 344 1689 410 ...29ss

321 522 766 608 magnitudine
812 521 1121 586 invidiam
1171 522 1472 587 obscures
1512 522 2031 606 exstinguasque.
2111 518 2235 586 Vel
2283 520 2427 585 aliis
2473 543 2613 586 ver-

321 629 448 694 bis:
521 628 594 693 in
652 627 988 711 republica
1031 626 1210 692 locus
1264 628 1385 691 tibi
1442 631 1542 693 est
1595 627 1997 713 quaerendus
2058 647 2193 691 non
2229 621 2615 711 'invidiosuffi

321 734 434 799 sed
479 735 758 799 illustris
805 738 871 798 et
914 734 1210 820 insigniS,
1256 735 1368 820 qui
1413 756 1528 799 suo
1577 735 1914 818 splendore
1961 738 2027 797 et
2083 734 2399 819 dignitate
2444 735 2608 801 invi-

323 842 500 907 diam
559 842 859 906 obscuret
919 842 1432 927 exstinguatque.
1523 840 1647 906 Vel
1702 842 1983 906 brevius:
2046 862 2181 906 non
2236 841 2611 924 invidiosus,

323 948 435 1013 sed
483 947 728 1012 invidia
774 948 1067 1032 superior
1112 969 1250 1013 esse
1287 947 1498 1032 debes,
1542 948 1758 1012 locum
1803 948 1873 1011 in
1908 949 2241 1032 republica
2284 948 2611 1033 insignem

324 1058 390 1119 et
428 1054 746 1119 illustrem
785 1054 907 1118 tibi
953 1055 1312 1140 assignans
1357 1092 1432 1101 —
1471 1053 1576 1119 Ex
1620 1056 1701 1119 iis
1750 1077 1915 1140 quae
1952 1056 2083 1121 dixi
2130 1056 2289 1121 satis
2327 1058 2613 1140 apparet,

325 1161 572 1244 opinor,
618 1160 828 1225 locum
875 1163 1138 1225 nostum
1185 1160 1663 1227 sollicitandum
1708 1183 1843 1226 non
1888 1182 2047 1226 esse.

499 1266 843 1332 Eumenis
869 1267 979 1331 11:
1017 1260 1329 1352 Εὐμένης
1359 1263 1434 1331 δὲ
1462 1264 2032 1352 πολιορκούμενος
2060 1265 2466 1356 ἐγκρατής,
2492 1270 2617 1335 τοῦ

319 1375 575 1460 χωρίου
619 1372 898 1458 γέγονε
946 1384 1170 1439 σῖτον
1213 1370 1326 1438 καὶ
1361 1369 1549 1459 ὕδωρ
1588 1368 1910 1458 ἄφθονον
1946 1371 2058 1440 καὶ
2094 1370 2260 1452 ἅλας
2294 1372 2405 1440 καὶ
2449 1370 2614 1440 ἄλλο

321 1475 533 1563 μηδὲν
581 1482 904 1564 ἔχοντος
949 1476 1285 1565 ἐδώδιμον
1325 1475 1492 1565 πρὸς
1534 1476 1657 1547 τὸν
1706 1490 1893 1547 σῖτον
1938 1479 2029 1546 κὲ.
2121 1480 2364 1547 Locum
2409 1482 2613 1566 impe-

323 1587 532 1651 ditum
591 1591 657 1651 et
705 1609 900 1652 sensu
954 1610 1226 1653 vacuum
1288 1586 1592 1653 Reiskius
1654 1590 1743 1654 sic
1804 1589 2276 1654 restituendum
2333 1589 2615 1652 monuit:

325 1690 914 1778 πολιορκούμενος,
939 1690 1258 1780 ἐγκρατὴς
1275 1696 1527 1779 χωρίου
1545 1692 1861 1780 γεγονώς,
1892 1706 2079 1761 σῖτον
2099 1694 2189 1760 κὲ.
2230 1693 2617 1760 Sintenisius

323 1823 443 1885 pro
509 1797 828 1887 ἐγκρατής
887 1802 1147 1885 scripsit
1205 1800 1538 1888 ἐγκρατῶς
1595 1806 1662 1867 et
1718 1799 1955 1886 γέγονε
2023 1802 2276 1867 uncinis
2334 1802 2617 1887 inclusit,

320 1906 495 1972 facili
541 1930 696 1973 sane
742 1906 1081 1973 medicina.
1163 1908 1254 1974 At
1298 1913 1519 1975 tamen
1553 1932 1637 1975 ne
1683 1910 1779 1973 ita
1816 1909 2072 1994 quidem
2109 1910 2289 1974 locus
2327 1912 2613 1978 sanatur.

323 2012 460 2078 Alii
505 2015 654 2080 alia.
1313 2084 1318 2089 ,

504 2119 573 2186 Si
617 2122 763 2206 quis
808 2123 936 2188 loci
983 2123 1373 2189 sententiam
1419 2124 1791 2209 respexerit,
1837 2124 1940 2188 cui
1976 2122 2171 2188 dictio
2218 2121 2618 2187 huiusmodi:

327 2224 694 2312 ἐγκαρτερῶ
731 2230 833 2295 vel
880 2230 1287 2316 διακαρτερῶ
1323 2227 1894 2315 πολιορκούμενος
1931 2228 2032 2314 (ut
2070 2250 2291 2294 omnes
2339 2229 2615 2313 loquun-

324 2331 463 2419 tur)
511 2336 751 2419 optime
802 2338 1092 2422 quadrat,
1139 2358 1216 2402 ac
1259 2340 1595 2421 praeterea
1647 2338 1845 2402 hosce
1899 2337 2075 2401 locos
2132 2335 2619 2419 comparaverit,

323 2437 566 2523 Poplic.
610 2442 720 2507 19:
765 2440 1080 2521 κελεύσας
1106 2482 1195 2490 -
1223 2443 1548 2509 ἐκλείπειν
1585 2438 1708 2519 τὸν
1745 2438 2003 2528 χάρακα
2040 2444 2233 2507 σίτου
2258 2436 2345 2506 τε
2364 2440 2620 2505 πολλοῦ

321 2544 433 2611 καὶ
459 2544 816 2634 χρημάτων
852 2548 1196 2635 γέμοντα
1231 2546 1687 2616 παντοδαπῶν
1714 2548 2057 2639 παρέδωκε
2084 2558 2227 2624 τοῖς
2250 2541 2619 2631 Ῥωμαίοις.

321 2652 554 2719 Aemil.
601 2656 670 2720 9:
725 2650 841 2734 τας
901 2652 963 2722 δ’
1015 2653 1220 2733 ἄλλας
1265 2659 1458 2723 σίτου
1502 2653 1837 2741 γεμούσας
1878 2653 2259 2722 κατέδυσεν.
2340 2655 2616 2719 fortasse

323 2783 574 2826 mecum
620 2764 983 2828 consentiet
1026 2764 1121 2828 ita
1165 2764 1380 2829 locum
1428 2765 1816 2849 corrigente:
1870 2757 2184 2847 Εὐμένης
2230 2758 2306 2826 δὲ
2350 2765 2617 2846 πολιορ-

322 2864 651 2953 κούμενος
695 2867 1201 2954 ἐνεκαρτέρει
1249 2867 1381 2957 (vel
1426 2869 1820 2957 ἐκαρτέρει),
1864 2870 1989 2936 τοῦ
2032 2870 2287 2953 χωρίου
2332 2866 2617 2952 γε’μον-

322 2998 456 3052 τος
501 2979 692 3042 σίτου
735 2975 849 3041 καὶ
890 2972 1080 3063 ὕδωρ
1135 3013 1212 3023 —-
1261 2979 1587 3062 ἔχοντος
1629 2975 1720 3043 κὲ.

504 3120 587 3130 —-
639 3085 750 3150 16:
798 3080 1039 3169 ἀχανὲς
1074 3080 1202 3171 γὰρ
1249 3073 1336 3169 ἦν
1372 3080 1448 3151 τὸ
1486 3086 1746 3168 πεδίον,
1785 3079 1939 3150 οὔτε
1983 3079 2439 3169 βαθύτερον
2478 3076 2612 3147 οὔτ’

323 3185 704 3276 ἀπόκροτον
749 3187 862 3256 καὶ
919 3189 1221 3278 στερεόν,
1277 3186 1444 3258 ἄλλα
1500 3191 1798 3268 θινῶδες
1844 3197 1979 3258 κτλ·
2060 3190 2188 3257 Pro
2235 3185 2619 3273 βαθύτερον

325 3295 564 3363 Goraes
611 3299 885 3364 coniecit
929 3296 1398 3384 παχύτερον.
1480 3297 1862 3383 MadvigiuS,
1899 3298 2072 3383 quod
2120 3297 2480 3380 ‘perversus
2518 3298 2620 3359 est

324 3407 798 3490 comparativus
859 3402 1245 3492 βαθύτερον
1300 3427 1506 3492 neque
1559 3399 1745 3489 βαθὺ
1789 3403 2027 3468 πεδίον
2072 3401 2149 3466 de
2209 3403 2446 3465 natura
2492 3401 2617 3466 soli

325 3511 558 3576 dicitur
567 3511 608 3596 ,⁹
667 3513 1076 3579 scribendum
1131 3513 1412 3578 monuit:
1468 3506 1870 3595 βαθύγειον,
1926 3508 2097 3594 quod
2156 3507 2320 3572 alius
2329 3557 2347 3592 ,
2413 3505 2617 3573 Corae

323 3620 648 3701 monente,
679 3620 1032 3703 occupavit.
1103 3618 1418 3703 Madvigii
1446 3617 1919 3683 animadversio
1958 3615 2371 3701 redarguitur
2396 3637 2459 3699 p.
2490 3615 2531 3679 2
2552 3637 2615 3680 e:

323 3719 462 3789 ἀλλ’
515 3726 651 3789 ἔστι
697 3749 797 3802 τις
841 3720 1282 3811 ἀπόκροτος
1323 3723 1434 3791 καὶ
1479 3723 1921 3812 τραχυτέρα
1969 3723 2093 3789 τοῦ
2140 3721 2444 3806 δέοντος,
2502 3721 2616 3786 ubi

325 3831 394 3895 in
448 3852 518 3895 re
576 3832 796 3898 eadem
862 3833 1180 3918 positivus
1247 3854 1392 3897 cum
1455 3831 1895 3916 comparativo
1965 3829 2271 3914 iungitur.
2362 3825 2615 3892 Deinde

323 3937 514 4002 Fabii
533 3939 601 4003 6:
621 3944 823 4016 θῖνας
840 3934 1066 4024 ἄμμου
1085 3941 1382 4022 βαθείας.
1417 3962 1477 4023 p.
1499 3938 1704 4003 915e:
1728 3932 1865 4002 Διά
1886 3939 1958 4002 τί
1968 3931 2361 4019 πυροφόρος
2380 3928 2421 4018 ἡ
2443 3933 2619 3998 πίων

322 4042 436 4110 καὶ
462 4046 749 4127 βαθεῖα
785 4041 986 4130 χῶρα,
1025 4041 1446 4130 κριθοφόρος
1482 4041 1558 4110 δὲ
1585 4045 1842 4129 μᾶλλον
1869 4038 1913 4128 ἡ
1940 4038 2333 4125 λεπτόγεωςς
2389 4037 2617 4124 Neque

323 4152 526 4238 igitur
569 4146 945 4234 βαθύγειον
999 4171 1206 4234 neque
1265 4145 1641 4236 παχύτερον
1696 4171 1902 4234 neque
1954 4144 2361 4235 τραχύτερον
2422 4147 2617 4212 corri-

328 4260 627 4345 gendum,
674 4256 786 4322 sed
832 4257 1151 4322 intactum
1187 4255 1679 4341 relinquendum
1717 4251 2099 4341 βαθύτερον
2144 4255 2213 4319 in
2253 4253 2427 4318 hunc
2474 4275 2615 4318 sen-

327 4388 494 4432 sum:
539 4360 916 4452 παχύτερον
962 4362 1114 4451 (τοῦ
1161 4361 1481 4450 δέοντος).

501 4470 824 4554 Agesilai
851 4473 965 4538 34:
1002 4466 1413 4556 αἰσθόμενος
1441 4464 1476 4536 ὁ
1508 4463 2046 4555 Ἐπαμεινώνδας
2072 4464 2192 4536 τὸν
2222 4463 2619 4554 Ἀγησίλαον
