3200 5175
1503 289 1943 362 -20-2.

574 473 874 540 Proxime
909 474 1111 560 igitur
1157 477 1224 538 et
1269 474 1627 540 sententiae
1674 479 1743 540 et
1776 474 2040 539 lectioni
2077 473 2357 538 tradissae
2394 474 2589 558 atque
2626 472 2885 536 Amioti

575 580 1120 666 interpretationi:
1165 579 1364 646 ‘force
1391 584 1574 646 trous
1603 584 1671 645 ef.
1694 581 1972 646 archeres
2000 577 2114 666 (=
2142 574 2499 666 τοξότιδες)
2528 581 2675 663 pres
2702 579 2882 642 l'une

575 687 653 752 de
698 689 925 754 l'autre
971 709 1052 752 en
1098 687 1165 752 la
1209 687 1525 753 muraille'
1575 688 1985 754 scribendum
2030 690 2216 771 puto:
2264 683 2375 752 καὶ
2421 682 2581 769 βέλη
2619 684 2877 769 βραχέα

572 828 683 896 καὶ
745 831 816 895 ίο
832 826 923 895 δό
935 853 1120 908 κους
1176 826 1291 917 (=
1346 825 1716 917 τοξότιδας)
1778 825 1863 896 οὐ
1921 825 2233 914 μεγάλας·
2300 801 2520 910 [emb]
2572 827 2881 894 ΠΟλλῶν

577 934 653 1002 δὲ
705 934 818 1001 καὶ
875 937 1175 1021 συνεχῶν
1234 932 1592 1022 τρημάτων
1642 937 1714 1002 οἱ
1754 939 2062 1022 σκορπίοι
2110 973 2194 984 -
2240 931 2739 1022 παρεστήκεσαν
2782 931 2875 998 κε’.

572 1041 762 1109 Nunc
837 1043 1270 1128 corrupffionis
1337 1064 1530 1108 causa
1593 1044 1665 1108 in
1726 1044 2071 1129 propatulo
2138 1046 2265 1128 est3
2330 1045 2469 1108 erat
2533 1043 2875 1126 scripfium:

582 1151 999 1242 quonYc
1040 1146 1222 1237 (nam
1259 1151 1354 1215 ita
1392 1173 1646 1236 quoque
1682 1171 1925 1216 nomen
1963 1148 2312 1238 scribitur),
2358 1149 2532 1235 quod
2569 1149 2872 1214 librarius

575 1315 722 1358 cum
767 1315 903 1358 non
948 1271 1359 1378 intellegeret
1403 1293 1668 1358 refinxit
1709 1294 1779 1358 in
1824 1268 2383 1380 (Δ)ΙΑΔόΧΟΥ(.

747 1415 1098 1483 Aristidis
1145 1419 1214 1483 6:
1271 1413 1600 1506 ἀφθάρτῳ
1658 1415 1781 1503 μὲν
1836 1415 1965 1503 γὰρ
2024 1413 2199 1484 εἶναι
2251 1415 2365 1482 καὶ
2408 1417 2501 1506 τῷ
2547 1417 2715 1506 κενῷ
2761 1413 2875 1482 καὶ

523 1511 532 1518 ”
571 1537 712 1602 τοῖς
770 1527 1119 1608 στοιχείοις
1164 1523 1565 1610 συμβέβηκε·
1632 1521 1928 1609 δύναμιν
1974 1521 2051 1589 δὲ
2097 1522 2355 1608 σεισμοὶ
2400 1521 2513 1588 καὶ
2558 1521 2877 1609 κεραυνοὶ

581 1670 656 1679 -
707 1627 1004 1717 μεγάλην
1051 1633 1303 1715 ἔχουσι·
1367 1633 1596 1714 δίκης
1642 1628 1729 1696 δὲ
1773 1629 1903 1696 καὶ
1945 1628 2279 1716 θέμιδος
2324 1623 2562 1696 οὐδὲν
2610 1625 2729 1695 ὅτι
2772 1627 2873 1713 μὴ

571 1740 670 1828 τῷ
733 1748 1072 1824 φρονεῖν
1130 1734 1260 1802 καὶ
1319 1739 1788 1821 λογίζεσθαι
1846 1733 1930 1802 τὸ
1990 1743 2225 1802 θεῖον
2280 1732 2878 1821 μεταλαγχάνει.

573 1845 678 1911 Ita
733 1844 915 1910 codd.
1006 1842 1178 1909 Loco
1235 1838 1420 1909 valde
1479 1844 1743 1910 turbato
1802 1845 2017 1909 varias
2072 1844 2426 1910 medicinas
2476 1842 2723 1908 frustra
2766 1843 2878 1907 ad-

576 1952 945 2016 hibuerunt.
1035 1949 1340 2015 Reiskius
1386 1972 1506 2034 pro
1555 1945 1760 2016 οὐδὲν
1806 1951 2086 2016 coniecit
2132 1944 2380 2016 οὐδενί.
2474 1946 2715 2015 Coi-aes
2762 1971 2879 2014 an-

571 2059 830 2124 notavit:
888 2057 1075 2121 haec:
1141 2049 1225 2122 οὗ
1282 2052 1464 2121 πάνυ
1523 2053 1599 2121 δὲ
1658 2051 2023 2123 εὐσύνετον
2080 2053 2155 2122 τὸ
2211 2052 2581 2142 λεγόμενον
2638 2051 2749 2122 διὰ
2796 2051 2877 2121 τὸ

575 2159 994 2248 ἐπαγόμενον
1050 2160 1648 2247 μεταλαγχάνει.
1739 2164 1830 2228 Ec
1871 2160 1997 2248 μὲν
2039 2158 2166 2248 γὰρ
2215 2161 2320 2229 ἐπὶ
2366 2164 2483 2248 τῆς
2527 2160 2881 2248 συνήθους

575 2273 902 2357 σημασίας
968 2270 1090 2335 τοῦ
1136 2266 1658 2355 Μεταλαμβάνει
1719 2269 1945 2355 τέταχε
2006 2266 2132 2354 τὴν
2188 2269 2369 2349 λέξιν
2416 2309 2537 2354 —-,
2596 2272 2781 2336 ἔσται
2834 2265 2876 2335 ὁ

576 2380 742 2455 νοῦς
793 2415 906 2461 -,
967 2373 1250 2454 Λίκαιός
1310 2375 1493 2443 ἐστιν
1539 2371 1575 2443 ὁ
1624 2374 1788 2454 θεός
1834 2371 1926 2442 δι’
1977 2371 2184 2442 οὐδὲν
2228 2375 2491 2463 ἕτερον,
2549 2371 2593 2462 ἢ
2640 2373 2753 2442 διὰ
2798 2372 2879 2442 τὸ

573 2482 841 2570 λογικὸς
895 2481 1006 2550 καὶ
1053 2479 1388 2567 φρόνιμος
1432 2479 1625 2549 εἶναι.
1714 2483 1805 2547 Ec
1849 2480 1925 2548 δὲ
1960 2480 2356 2568 Ῥωμαΐσας,
2412 2479 2633 2569 ὥσπερ
2676 2480 2787 2549 καὶ
2837 2478 2878 2548 ὃ

573 2589 896 2669 Αίλιανός
935 2590 1043 2679 (V.
1078 2590 1162 2655 H.
1201 2590 1347 2675 XII,
1384 2587 1521 2677 43),
1569 2588 1676 2656 ἐπὶ
1720 2591 1843 2656 τοῦ
1882 2592 2363 2657 Μεταδίδωσιν
2409 2588 2731 2677 ἐχρήσατο
2778 2592 2873 2681 τῷ

573 2694 1100 2783 Μεταλαγχάνει,
1141 2699 1323 2763 ἔσται
1351 2693 1426 2764 τὸ
1457 2694 1850 2782 λεγόμενον,
1890 2693 2138 2764 Οὖδενὶ
2167 2699 2616 2784 μεταδίδωσιν
2644 2694 2679 2765 ὁ
2710 2694 2879 2775 θεὸς

575 2810 766 2892 δίκης
817 2803 929 2871 καὶ
983 2804 1264 2890 θέμιδος
1316 2799 1492 2889 πλὴν
1547 2805 1639 2893 τῷ
1684 2806 1932 2894 λογικῷ
1979 2802 2092 2871 καὶ
2138 2808 2447 2895 φρονίμῳ
2497 2802 2670 2896 gaico,
2723 2830 2779 2871 τ.
2826 2807 2877 2871 ἔ.

577 2915 669 3003 τῷ
717 2908 1060 3001 ἀνθρώπῳ
1104 2916 1240 2977 κτλ.
1329 2912 1464 2977 Alii
1509 2912 1658 2997 alia,
1705 2934 1979 2996 quorum
2023 2913 2187 2978 nihil
2233 2934 2474 2979 verum.

757 3037 943 3104 Unus
982 3037 1201 3122 codex,
1238 3036 1349 3101 sed
1387 3036 1693 3122 opidium,
1730 3034 2285 3104 Seitenstettensis
2322 3038 2493 3102 hanc
2529 3038 2877 3103 lectionem

580 3146 794 3211 affert:
853 3140 1058 3210 οὐδὲν
1113 3138 1215 3209 ὅτι
1273 3138 1363 3227 μὴ
1419 3143 1509 3233 τῷ
1567 3147 1851 3231 φρονεῖν
1896 3141 2007 3209 καὶ
2052 3144 2439 3228 λογίζεσθαι
2483 3151 2683 3211 θεῖον
2726 3144 2874 3211 ἘΤΙ

576 3248 1085 3338 μεταλαγχάνει,
1146 3249 1314 3315 unde
1359 3249 1623 3315 izandem
1670 3271 1823 3315 vera
1868 3251 2187 3335 scripkura
2232 3251 2375 3316 elici
2420 3254 2640 3335 potest
2686 3252 2875 3318 haec:

576 3360 770 3444 δίκης
816 3356 892 3425 δὲ
935 3355 1047 3423 καὶ
1092 3356 1245 3443 θέμ.
1291 3352 1497 3423 οὐδὲν
1543 3351 1581 3422 ὅ
1627 3377 1691 3422 τι
1737 3352 1826 3442 μὴ
1872 3357 1963 3446 τῷ
2012 3368 2298 3442 φρονεῖν
2340 3354 2452 3422 καὶ
2498 3362 2639 3442 λογ.
2674 3353 2877 3424 θετόν

578 3465 819 3554 Ἐ(()ΤΙ
867 3462 1377 3550 μεταλαγχάνει,
1432 3466 1470 3530 i.
1519 3486 1571 3529 e.
1619 3458 1823 3530 οὐδὲν
1870 3459 1970 3529 ὅτι
2016 3462 2105 3549 μὴ
2155 3459 2268 3528 διὰ
2311 3460 2385 3529 τὸ
2434 3475 2719 3550 φρονεῖν
2762 3462 2878 3529 καὶ

574 3575 958 3655 λογίζεσθαι
1003 3568 1202 3637 θεῖόν
1247 3570 1383 3637 ἐστι
1430 3567 1910 3657 μεταλαγχάνει
1957 3572 2147 3655 δίκης
2188 3568 2301 3635 καὶ
2344 3568 2647 3655 θέμιδος,
2691 3572 2875 3637 iusti-

574 3680 736 3743 tiam
794 3682 1014 3742 tamen
1073 3680 1138 3741 et
1198 3678 1591 3762 aequitatem
1652 3678 1819 3743 nihil
1878 3678 2007 3744 nisi
2066 3677 2238 3762 quod
2294 3678 2611 3762 sapientia
2664 3681 2731 3743 et
2773 3701 2873 3744 ra-

575 3786 753 3851 tione
820 3784 1108 3849 divinum
1173 3785 1260 3849 sit
1322 3784 1691 3869 participat.
1796 3782 2043 3859 Quibus
2108 3788 2174 3848 et
2238 3806 2315 3848 ea
2378 3806 2543 3869 quae
2607 3788 2872 3851 exin-em.

553 3915 716 3977 cap.
763 3891 1092 3975 leguntur:
1135 3886 1261 3975 τὴν
1308 3885 1372 3955 δ’
1425 3886 1692 3977 ἀρετήν,
1738 3883 1775 3955 ὃ
1822 3886 2039 3974 μόνον
2085 3886 2224 3955 ἐστὶ
2267 3891 2403 3956 τῶν
2448 3893 2665 3957 θείων
2711 3888 2869 3976 ἀγα-

573 3999 728 4064 θῶν
765 3991 871 4082 ἐφ’
913 3991 1099 4082 ἡμῖν,
1136 3994 1210 4061 ἐν
1247 3990 1500 4083 ὑστέρῳ
1537 3999 1861 4080 τίθενται,
1898 3996 2114 4072 κακῶς
2149 3996 2597 4083 φρονοῦντες;
2635 3993 2726 4075 ὦς
2751 3994 2872 4065 τὸν

577 4103 652 4170 ἐν
698 4099 866 4190 ἀρχῇ
911 4106 1068 4188 βίον
1116 4096 1157 4188 ἡ
1205 4100 1346 4188 μὲν
1394 4100 1871 4187 δικαιοσύνη
1929 4113 2147 4168 ποιεῖ
2194 4109 2464 4186 θεῖον,
2524 4099 2567 4188 ἡ
2617 4098 2681 4169 δ’
2733 4100 2877 4171 ἄδι--

573 4214 687 4276 κία
743 4206 1054 4297 θηριώδη
1107 4211 1350 4295 optime
1398 4211 1795 4276 conveniunt
1839 4214 1905 4275 et
1950 4232 2114 4296 quae
2161 4212 2317 4276 alibi
2363 4216 2725 4297 occurrunt,
2770 4235 2875 4279 ve-

575 4319 675 4383 lut
736 4342 798 4403 p.
857 4319 986 4384 780
1025 4340 1084 4382 e:
1152 4313 1378 4403 ἅρχων
1442 4315 1518 4383 δὲ
1583 4314 1819 4384 εἰκών
1880 4319 2079 4383 θεοῦ
2136 4354 2220 4365 --
2275 4356 2348 4367 —
2400 4313 2601 4394 αὐτὸς
2665 4312 2876 4385 αὑτὸν

575 4426 671 4501 είς
729 4419 1086 4510 ὁμοιότητα
1143 4426 1282 4515 θεῷ
1345 4420 1435 4491 δι’
1497 4420 1734 4510 ἀρετῆς
1785 4421 2111 4501 καθιστάς
2160 4461 2231 4472 -—
2288 4462 2372 4472 ——
2428 4425 2742 4491 τοιοῦτον
2796 4426 2873 4494 ἐν

2750 5158 2849 5165 ἡ
2863 5158 3147 5170 ᾃ--ατὴ-Ἣ-
3160 5130 3175 5173 Χ
