3200 5175
1352 268 1827 333 -135-

437 469 604 530 μενα
662 444 773 512 καὶ
834 446 1121 530 διαίτης,
1185 440 1448 532 ἀδρανῆ
1512 441 1734 534 χρόνῳ
1791 441 2339 529 κατειργάσαντο,
2396 443 2538 524 ἕως
2603 444 2731 533 (vel

437 551 559 631 ἕως
599 550 743 638 καὶ)
787 549 1269 635 προσεδέξαντο
1313 550 1406 618 κέ.

614 658 682 726 O.
729 659 770 724 9
816 659 1032 726 initio:
1088 653 1248 724 εἷεν·
1297 652 1440 725 ἀλλ’
1493 655 1689 738 ὄψοις
1734 660 1989 746 χρῆσθε
2047 655 2309 736 τούτοις
2355 656 2730 745 ἐφηδύνον-

431 789 537 845 τες
578 761 704 852 τὴν
747 761 1033 853 τροφὴν·
1079 770 1147 834 τί
1190 757 1314 834 οὖν
1361 763 1462 834 ἐπ’
1518 762 1686 833 αὐτὰ
1729 767 1936 833 ταῦτα
1981 767 2375 852 *φῶνταςς
2429 767 2728 833 Reiskius

433 875 823 960 suspicatur:
886 868 1012 958 τὴν
1073 869 1368 958 τροφήν,
1411 870 1659 958 Ἴωμεν
1733 871 1831 938 ἐπ’
1896 868 2096 954 ἄλλα,
2160 875 2367 940 ταῦτα
2433 869 2729 958 ἀφέντες.

432 980 649 1066 Wytt:
692 1017 768 1028 -·
820 976 922 1045 ἐπ’
975 974 1143 1046 αὐτὰ
1187 981 1393 1046 ταῦτα
1438 982 1707 1064 φονᾶτε.
1775 975 1968 1047 Ἀλλά
2012 979 2246 1065 τέχνης
2280 981 2477 1047 τοῦτο
2527 984 2728 1068 ἔργον

431 1083 606 1154 εἶναι
664 1085 850 1172 φατέ.
940 1087 1020 1153 In
1077 1088 1256 1153 verbi
1322 1088 1609 1173 corrupti
1674 1088 1967 1173 vestigiis
2035 1088 2188 1174 quid
2251 1090 2478 1173 lateat,
2537 1089 2725 1154 facile

429 1196 748 1280 reperitur
793 1195 1196 1280 comparanti
1240 1218 1300 1281 p.
1339 1195 1469 1262 993
1501 1194 1565 1260 d:
1616 1192 1869 1273 ἔξεστιν
1912 1189 2075 1280 ὑμῖν
2123 1193 2234 1260 καὶ
2280 1197 2591 1280 τρυφᾶν
2628 1192 2718 1281 μὴ

429 1300 904 1388 μιαινομένοις.
969 1306 1036 1367 et
1088 1302 1283 1387 paulo
1338 1306 1516 1386 post:
1569 1305 1671 1379 τίς
1733 1300 1945 1367 λύσσα
2008 1294 2049 1386 ἢ
2104 1303 2205 1378 τῖς
2263 1297 2519 1386 οἶστρος
2578 1297 2724 1387 ἄγει

425 1404 593 1495 πρὸς
647 1411 1063 1494 μιαιφονίαν.
1137 1409 1268 1475 995
1296 1432 1357 1475 e:
1412 1407 1488 1474 ἐν
1532 1408 1624 1496 τῷ
1671 1404 2013 1496 μιαιφόνῳ
2061 1408 2438 1494 τρυφῶμεν.
2510 1410 2640 1476 996
2668 1411 2722 1474 f:

341 1580 348 1586 .
428 1515 786 1593 πεινῶντες
849 1509 935 1582 οὐ
995 1523 1393 1600 τρυφῶντες.
1485 1513 1924 1600 Supplendum
1990 1515 2218 1600 igitur:
2281 1513 2719 1604 τρυ]φῶντας.

417 1615 659 1688 'Cetera
685 1626 908 1688 tamen
935 1624 1256 1708 quomodo
1284 1621 1695 1688 resarcienda
1727 1621 1875 1705 sint,
1903 1625 2147 1688 utrum:
2185 1617 2285 1687 ἐπ’
2319 1616 2488 1688 αὐτὰ
2513 1623 2720 1689 ταῦτα

424 1725 850 1814 μιαινόμενοι
911 1725 1158 1814 ἄγεσθε
1220 1726 1332 1795 καὶ
1395 1730 1810 1814 τρυφῶντες,
1868 1751 1954 1794 an
2016 1725 2309 1812 φέρεσθε
2365 1732 2722 1818 μιαιφονίᾳ

424 1836 830 1920 τρυφῶντες,
878 1859 962 1903 an
1008 1837 1182 1902 aliud
1226 1836 1380 1923 quid
1425 1837 1647 1920 lateat,
1692 1857 1958 1921 prorsus
2002 1836 2321 1901 incertum
2366 1839 2484 1900 est.

600 1941 706 2008 De
751 1959 880 2009 esu
923 1943 1250 2009 carnium
1294 1943 1344 2009 Ι.
1392 1965 1444 2010 ο.
1489 1945 1534 2008 4
1579 1947 1737 2008 extr.
1782 1964 1917 2008 non
1963 1941 2443 2009 sollicitandum
2488 1965 2719 2030 παραι-

418 2045 733 2134 τούμενα,
785 2050 958 2137 quod
1004 2071 1264 2117 sensum
1322 2050 1654 2135 passivum
1699 2049 1923 2134 habet,
1982 2048 2023 2113 i.
2068 2070 2121 2114 e.
2175 2048 2366 2134 κρέα,
2420 2044 2466 2115 ἅ
2507 2071 2720 2136 παρῃ-

419 2153 725 2241 τήσαντο.
833 2157 1217 2223 Duebnerus
1294 2155 1623 2243 Stephano
1696 2159 2046 2241 praeeunte
2130 2154 2329 2222 dedit:
2402 2157 2715 2242 [νεκρῶν]

419 2260 942 2350 παραιτούμενοι
988 2262 1178 2350 κρέα·
1247 2263 1460 2350 Wytt.
1506 2264 1807 2330 coniecit:
1852 2259 2375 2347 παραιτούμενοι
2421 2258 2644 2348 νεκρά.

597 2370 666 2437 Ο.
713 2371 756 2436 5
799 2370 949 2437 init:
1000 2364 1190 2435 Ἀλλ’
1252 2364 1295 2434 ἅ
1340 2393 1425 2453 γε
1479 2364 2081 2455 παρειλήφαμεν
2141 2367 2438 2447 ἐκείνους
2496 2367 2717 2452 λέγειν

416 2473 573 2556 τοὺς
636 2473 890 2564 ἄνδρας
949 2471 1166 2562 ἀρχὴν
1221 2479 1395 2562 ἔχειν
1460 2471 1585 2560 τὴν
1648 2475 1877 2561 φύσιν.
1971 2475 2341 2562 Stephanus
2416 2479 2713 2545 coniecit:

415 2579 584 2653 ἄλλά
621 2611 696 2671 γε
733 2583 822 2653 κὲ.
881 2584 1213 2652 Reiskius:
1257 2577 1404 2649 ἀλλ’
1448 2577 1568 2668 ἅγε
1607 2583 1957 2669 σκοπῶμεν
1999 2577 2043 2649 δι’
2079 2607 2154 2668 γε
2190 2581 2713 2673 παρειλήφαμεν,

395 2690 624 2779 'Wytt
652 2695 988 2779 probante.
1017 2730 1106 2741 —-
1134 2691 1354 2764 Verba
1391 2693 1618 2777 inepta
1652 2692 2029 2777 corrigenda
2063 2695 2222 2776 puto
2261 2692 2329 2758 in
2366 2692 2539 2759 hunc
2574 2715 2709 2758 mo·

414 2837 595 2902 dum:
631 2830 872 2902 '‘AAor·
875 2837 982 2903 ΟΝ
1036 2836 1075 2900 Γ
1077 2810 1177 2902 ᾸΡ
1225 2790 1419 2901 ΕῘΝΑῙ
1466 2856 1721 2919 φαμεν,
1780 2833 2078 2912 ἐκείνους
2132 2832 2351 2918 λέγειν
2414 2832 2503 2901 κὲ.
2560 2836 2601 2901 i.
2657 2859 2709 2903 e.

413 2962 530 3029 ΑΛ.
581 2964 620 3028 Γ
623 2964 674 3028 C
725 2960 1353 3027 ΙἎΡΕΙΝΝΦΑΛΛΕΝ.

588 3069 749 3135 Post
795 3089 1026 3153 pauca:
1083 3104 1156 3115 —-
1206 3061 1633 3133 ἀπόκτεινον·
1681 3060 1827 3132 ἀλλ’
1880 3060 2080 3145 αὐτὸς
2127 3062 2239 3133 διὰ
2286 3069 2571 3134 σεαυτοῦ
2616 3064 2707 3155 μὴ

411 3172 825 3261 χρησάμενος
859 3177 1107 3259 κοπίδι,
1144 3170 1314 3260 μηδὲ
1357 3170 1732 3264 τυμπάνῳ
1770 3177 1927 3257 τινί,
1962 3170 2134 3260 μηδὲ
2168 3173 2440 3241 πελέκει.
2484 3175 2706 3263 Vulgo

409 3278 754 3371 τυσάνῳ,
807 3282 978 3348 unde
1040 3281 1190 3366 Xyl.
1244 3277 1620 3369 τυμπάνῳ
1668 3282 1967 3365 coniecit,
2021 3282 2193 3366 quod
2249 3279 2466 3367 Steph.
2516 3304 2584 3348 se
2638 3284 2707 3349 in

411 3392 668 3455 vetusto
707 3390 922 3455 codiee
948 3390 1264 3474 reperisse
1300 3392 1594 3454 testatur.
1659 3386 2014 3453 Salmasius
2045 3388 2373 3472 ascripsit:
2411 3384 2705 3479 τυπάνῳ,

407 3487 450 3579 ἢ
510 3492 804 3583 κυπάνῳ.
898 3494 1059 3562 Mez.
1123 3496 1428 3561 correxit:
1492 3490 1766 3581 τυκάνῃ.
1831 3532 1906 3541 --
1973 3493 2444 3581 Corrigendum
2516 3500 2705 3580 puto:

407 3598 730 3689 τυπάδι,
777 3602 949 3689 quod
996 3603 1086 3669 sie
1133 3602 1471 3687 seriptum:
1520 3604 1804 3670 ΤΥΠΑΝ
1851 3602 2043 3669 facile
2088 3604 2367 3688 peperit:
2412 3600 2707 3695 τυπάνῳ,

406 3706 726 3798 τυμπάνῳ
773 3713 890 3775 ete.
971 3708 1116 3775 Hoc
1160 3710 1474 3775 vocabulo
1520 3731 1673 3775 usus
1722 3710 1821 3775 est
1864 3707 2104 3775 Noster
2149 3733 2211 3795 p.
2258 3711 2388 3776 802
2417 3713 2477 3778 b.

585 3816 787 3883 Paulo
832 3820 986 3902 post
1032 3814 1120 3905 (p.
1166 3817 1298 3884 995
1326 3815 1395 3903 d)
1434 3817 1766 3903 praeclare
1799 3817 2167 3882 emendavit
2201 3817 2701 3886 Herwerdenus:

407 3940 520 4006 ἵνα
564 3936 689 4025 τὴν
727 3936 842 4006 διὰ
883 3943 1004 4008 τοί
1041 3938 1254 4027 πυρὸς
1300 3940 1540 4030 ἐκβάλῃ
1577 3944 2021 4029 κατεργασίαν
2062 3943 2199 4008 τῶν
2239 3924 2552 4011 ΚΡΕώΝ·
2588 3941 2701 4009 καὶ
2826 3994 2843 4012 .

405 4050 674 4115 πολλῶν
733 4043 1191 4135 περιεστώτων
1244 4045 1333 4115 κέ.
1389 4071 1507 4134 pro
1553 4050 1837 4135 vulgatis
1901 4050 2367 4134 κατεργασίαν·
2429 4050 2566 4115 τῶν
2630 4044 2693 4115 δ’

397 4149 711 4260 ‘leffium
759 4190 869 4257 καὶ
915 4193 1183 4258 πολλῶν
1225 4197 1360 4259 κτλ.

583 4296 654 4367 O.
703 4301 738 4364 7
789 4299 880 4387 (p.
925 4299 1056 4366 996
1085 4297 1149 4387 e)
1197 4300 1406 4365 adhuc
1453 4299 1688 4366 editur:
1746 4293 1827 4365 τὰ
1872 4294 1999 4383 γὰρ
2048 4295 2132 4384 δὴ
2169 4297 2321 4385 περὶ
2365 4294 2487 4366 τὸν
2533 4296 2696 4367 Διό-

403 4422 620 4474 νυσον
665 4403 1137 4493 μεμυθευμένα
1181 4402 1368 4491 πάθη
1423 4406 1548 4471 τοῦ
1602 4406 2042 4493 διαμελισμοῦ
2092 4404 2205 4472 καὶ
2257 4402 2340 4472 τὰ
2394 4404 2695 4474 Τιτάνων
