3200 5175
584 507 868 570 structus
913 505 1026 589 qui
1073 505 1158 570 sit
1202 525 1337 569 non
1382 503 1658 568 multum
1705 501 2175 569 desideraverit.
2268 499 2491 568 Nihilo
2538 503 2753 572 minus
2798 506 2869 571 in

582 612 750 678 votis
797 615 914 697 est,
958 615 1032 677 ut
1074 611 1336 676 tandem
1374 609 1705 675 Plutarchi
1738 607 2084 675 Moralium
2127 608 2474 674 editionem
2509 611 2867 694 pleniorem

583 722 650 783 et
701 720 964 784 nostrae
1011 717 1211 782 aetati
1255 716 1904 782 accommodatiorem
1956 715 2409 782 nanciscamur
2466 721 2531 781 et
2587 718 2735 786 aliis
2790 719 2869 784 (16

581 825 791 890 causis
827 828 895 890 et
937 824 1100 904 ideo,
1148 823 1321 910 quod
1366 825 1611 889 multae
1648 823 2076 888 correctiones
2112 826 2325 888 certae
2362 827 2428 889 et
2461 822 2867 892 indubitatae

578 930 908 1017 Madvigii,
952 928 1200 1012 Gobeti,
1243 929 1572 998 Doehneri
1584 979 1603 1014 ,
1651 929 1925 994 aliorum
1968 928 2096 995 huc
2138 929 2291 995 illuc
2336 951 2597 1014 sparsae
2642 931 2865 998 editio-

577 1058 727 1103 nem
773 1037 843 1102 in
888 1058 1081 1122 quam
1124 1036 1520 1121 recipiantur
1564 1038 1959 1119 exspectant.

759 1143 923 1208 Post
975 1143 1144 1208 tales
1203 1146 1550 1227 tantosque
1606 1141 1892 1227 criticos,
1951 1143 2063 1228 qui
2108 1142 2187 1208 de
2232 1142 2579 1212 Plutarcho
2624 1146 2865 1230 optime

579 1252 970 1329 meruerunt,
1014 1252 1087 1314 ut
1131 1249 1240 1333 qui
1285 1269 1420 1314 non
1462 1269 1704 1333 paucos
1740 1249 1919 1314 locos
1954 1248 2457 1336 emendaverint,
2501 1251 2596 1318 rei
2632 1255 2866 1318 natura

577 1359 710 1422 fert
761 1359 835 1422 ut
886 1355 1355 1441 posterioribus
1412 1377 1488 1422 ea
1543 1354 1700 1440 fere,
1746 1375 1910 1439 quae
1963 1355 2061 1420 illi
2107 1356 2210 1421 vel
2255 1355 2595 1441 desperata
2637 1359 2738 1422 vel
2784 1360 2866 1423 ad

581 1463 1030 1550 corrigendum
1075 1461 1458 1528 difficillima
1501 1462 1897 1548 reliquerint,
1940 1463 2254 1528 tentanda
2298 1463 2447 1529 sint.
2535 1463 2612 1528 Id
2647 1468 2863 1530 autem

575 1568 1055 1638 incommodum
1118 1571 1573 1652 compensatur
1630 1589 1706 1634 eo
1721 1619 1741 1654 ,
1786 1567 1956 1654 quod
1974 1573 1983 1579 “
2000 1569 2099 1634 illi
2143 1569 2335 1655 viam,
2379 1574 2455 1636 ut
2498 1570 2593 1634 ita
2636 1568 2866 1653 dicam,

573 1677 768 1744 nobis
814 1675 1406 1760 complanaverunt,
1441 1678 1526 1760 et,
1569 1675 1629 1740 si
1664 1675 1818 1761 quid
1863 1675 2311 1761 impedimenti
2355 1677 2457 1742 vel
2492 1675 2864 1742 offensionis

575 1784 838 1867 fuisset,
909 1803 1056 1847 cum
1127 1781 1587 1865 removissent,
1660 1780 1905 1848 aditum
1974 1782 2166 1849 nobis
2234 1782 2491 1850 facilem
2551 1781 2866 1866 patefece-

576 1893 750 1956 rtmt.
819 1889 1062 1954 Textus
1103 1887 1274 1952 enim
1311 1886 1663 1972 Plutarchi,
1706 1889 2049 1974 praecipue
2096 1888 2460 1968 Moralium,
2504 1892 2607 1956 tot
2636 1890 2865 1955 tantis-

574 2019 699 2082 que
754 1995 934 2061 vitiis
991 2000 1058 2061 et
1116 1993 1366 2060 lacunis
1412 1995 1893 2062 contaminatus
1940 1999 2067 2080 est,
2120 1999 2196 2061 ut
2240 1995 2412 2062 haud
2456 1996 2675 2081 inepte
2720 2018 2864 2061 cum

575 2123 734 2188 agro
799 2101 1046 2167 inculto
1111 2101 1474 2186 comparari
1535 2101 1773 2185 possit,
1833 2102 1947 2167 ubi
2000 2123 2138 2168 non
2193 2125 2343 2170 raro
2396 2103 2605 2169 bonae
2656 2102 2866 2188 frugis

577 2207 818 2294 aliquid
863 2207 1032 2272 inter
1077 2207 1297 2292 spinas
1344 2211 1411 2274 et
1453 2207 1660 2272 malas
1705 2207 1941 2274 herbas
1989 2209 2205 2275 lateat.
2298 2206 2423 2275 Sed
2468 2209 2593 2274 hac
2638 2209 2715 2274 (16
2760 2209 2866 2274 via

574 2319 641 2380 et
676 2314 800 2382 hoc
841 2335 998 2401 agro
1028 2313 1391 2400 digressum
1426 2317 1721 2398 praestat
1756 2335 1910 2381 sane
1948 2315 2027 2380 (16
2064 2337 2159 2401 ea,
2188 2337 2385 2400 quam
2420 2315 2490 2380 in
2516 2315 2863 2382 Plutarcho

576 2421 980 2488 emendando
1027 2441 1149 2507 ego
1194 2422 1527 2506 ingressus
1575 2443 1737 2506 sum,
1781 2443 1988 2506 pauca
2032 2422 2260 2490 dicere.

753 2526 1119 2595 Ouiuslibet
1181 2527 1512 2612 scriptoris
1567 2528 1786 2613 graeci
1843 2527 2215 2595 recensendi
2276 2527 2700 2617 fundamenta
2751 2551 2865 2616 po-

577 2635 706 2702 sita
750 2637 904 2700 sunt
946 2635 1014 2698 in
1069 2634 1424 2719 traditione,
1481 2634 1561 2699 ad
1618 2656 1815 2721 quam
1875 2634 2347 2703 aestimandam
2410 2658 2555 2701 cum
2600 2638 2865 2703 omnino

572 2742 854 2828 linguae·
881 2760 1167 2825 graecae,
1211 2742 1354 2805 tum
1398 2740 1677 2805 maxime
1724 2741 1861 2805 eius
1871 2790 1890 2825 ,
1945 2762 2069 2827 qua
2126 2742 2265 2827 ipse
2320 2742 2627 2828 scriptor,
2674 2764 2863 2829 quem

575 2847 971 2914 emendaturi
1017 2868 1254 2931 sumus,
1289 2846 1511 2930 utitur,
1556 2847 1793 2930 peritia
1829 2849 2023 2932 atque
2060 2848 2348 2935 cognitio
2384 2849 2621 2916 intima
2654 2850 2865 2935 requi·

574 2954 756 3020 ritur.
837 2952 1016 3030 Quae
1073 2974 1266 3037 quam
1322 2956 1460 3018 arte
1515 2954 1689 3019 inter
1744 2975 1812 3019 se
1860 2954 2204 3021 coniuncta
2263 2955 2418 3040 sint,
2476 2960 2668 3023 nemo
2730 2980 2863 3023 non

571 3061 789 3125 sentit.
877 3059 1108 3124 Altera
1151 3059 1432 3125 conditio
1480 3064 1606 3145 est,
1653 3082 1781 3146 qua
1825 3082 2041 3127 carere
2102 3084 2235 3126 non
2291 3063 2531 3148 possis3
2586 3064 2858 3130 alterum

568 3168 789 3230 tamen
831 3168 970 3234 tam
1008 3165 1459 3248 necessarium,
1499 3169 1574 3230 ut
1620 3166 1677 3231 si
1722 3167 2081 3252 neglexeris
2121 3189 2385 3253 operam
2416 3152 2669 3255 perdas.
2746 3169 2860 3236 Sui

573 3270 846 3357 quisque
893 3271 1171 3354 scriptor
1213 3272 1613 3337 certissimus
1654 3275 1754 3337 est
1798 3276 1866 3338 et
1900 3274 2277 3340 emendator
2312 3278 2381 3341 et
2420 3278 2637 3361 testis3
2682 3280 2749 3343 et
2782 3299 2863 3342 ea

571 3376 880 3442 correctio
926 3375 1290 3463 verissima,
1343 3398 1540 3462 quam
1593 3378 1735 3462 ipse
1788 3378 2137 3445 confirmet.
2226 3380 2438 3446 Multa
2492 3386 2645 3449 sunt
2689 3405 2860 3469 sane,

570 3504 734 3567 quae
779 3483 974 3549 etiam
1033 3482 1176 3549 aliis
1233 3483 1653 3570 scriptoribus
1706 3486 2209 3570 comprobentur
2264 3490 2330 3552 et
2382 3489 2861 3574 comprobanda

546 3589 722 3682 sint,
768 3589 942 3654 velut
983 3591 1040 3655 si
1086 3592 1164 3656 (16
1208 3591 1539 3658 vocabulis
1585 3591 1859 3676 singulis
1907 3597 2020 3658 aut
2064 3594 2141 3661 de
2186 3594 2568 3682 fragmentis
2614 3598 2857 3684 agitur-3

570 3716 843 3781 quorum
891 3696 1166 3762 alterum
1220 3698 1417 3764 etiam
1469 3699 1538 3762 in
1593 3696 2012 3766 Plutarchum
2067 3700 2256 3767 cadit.
2348 3701 2612 3788 Alioqui
2665 3705 2859 3769 raris-

571 3800 732 3865 sime
791 3800 895 3886 fit,
948 3806 1026 3867 ut
1087 3803 1474 3869 sententiam
1538 3807 1652 3869 aut
1706 3808 2254 3891 comparationem
2318 3811 2433 3873 aut
2492 3808 2859 3894 dictionem,

574 3930 742 3994 quae
787 3908 944 3973 alibi
989 3909 1093 3974 vel
1137 3909 1281 3975 aliis
1327 3911 1542 3977 verbis
1593 3932 1729 3978 non
1778 3912 2054 3997 repetita
2108 3914 2221 3998 sit,
2274 3914 2583 3981 invenias.
2674 3914 2859 3993 Quod

570 4018 886 4101 quantum
929 4015 1012 4083 ad
1070 4017 1321 4082 textum
1374 4018 1942 4105 redintegrandum
2003 4019 2287 4106 adiuvet,
2346 4043 2537 4088 nemo
2602 4027 2703 4088 est
2746 4023 2857 4107 qui

567 4123 833 4188 nesciat.

751 4228 910 4295 Loci
955 4250 996 4293 a
1039 4252 1143 4295 me
1187 4232 1424 4297 tentati
1471 4236 1625 4297 sunt
1664 4254 1741 4298 ex
1788 4254 2011 4300 eorum
2047 4235 2179 4301 fere
2224 4256 2512 4321 numero,
2557 4258 2717 4321 quos
2754 4236 2857 4304 vel

570 4333 958 4402 dificillimos
1023 4338 1123 4401 vel
1188 4338 1712 4424 corruptissimos
1783 4342 2046 4425 plurimi
2114 4342 2319 4407 critici
2385 4345 2620 4426 putant
2626 4366 2644 4427 ,ς
2706 4362 2853 4407 raro

571 4444 810 4526 autem,
855 4463 1015 4527 quos
1063 4462 1184 4529 ego
1220 4448 1476 4511 tantum
1515 4446 1680 4539 tales
1726 4448 2079 4513 arbitratus
2116 4448 2257 4532 sim,
2296 4470 2685 4542 quamquam
2724 4470 2855 4514 non
