<?xml version="1.0" encoding="UTF-8"?>
<!DOCTYPE html PUBLIC "-//W3C//DTD XHTML 1.0 Transitional//EN"
    "http://www.w3.org/TR/xhtml1/DTD/xhtml1-transitional.dtd">
<html xmlns="http://www.w3.org/1999/xhtml" xml:lang="en" lang="en">
 <head>
  <title>
</title>
<meta http-equiv="Content-Type" content="text/html;charset=utf-8" />
  <meta name='ocr-system' content='tesseract 3.04.00' />
  <meta name='ocr-capabilities' content='ocr_page ocr_carea ocr_par ocr_line ocrx_word'/>
</head>
<body>
  <div class='ocr_page' id='page_1' title='image "./symbolaecritica00unkngoog_0078.png"; bbox 0 0 3200 5175; ppageno 0'>
   <div class='ocr_carea' id='block_1_1' title="bbox 1537 327 1971 393">
    <p class='ocr_par' dir='ltr' id='par_1_1' title="bbox 1537 327 1971 393">
     <span class='ocr_line' id='line_1_1' title="bbox 1537 327 1971 393; baseline 0.005 -17"><span class='ocrx_word' id='word_1_1' title='bbox 1537 327 1971 393; x_wconf 78' lang='lat'>—66-..-</span> 
     </span>
    </p>
   </div>
   <div class='ocr_carea' id='block_1_2' title="bbox 585 506 2905 4550">
    <p class='ocr_par' dir='ltr' id='par_1_2' title="bbox 598 506 2905 1128">
     <span class='ocr_line' id='line_1_2' title="bbox 598 506 2895 593; baseline 0.001 -21"><span class='ocrx_word' id='word_1_2' title='bbox 598 508 931 589; x_wconf 69' lang='lat' dir='ltr'><strong><em>pmriendi</em></strong></span> <span class='ocrx_word' id='word_1_3' title='bbox 962 507 1253 592; x_wconf 78' lang='lat' dir='ltr'>requirit,</span> <span class='ocrx_word' id='word_1_4' title='bbox 1287 507 1452 572; x_wconf 80' lang='lat' dir='ltr'><strong>nihil</strong></span> <span class='ocrx_word' id='word_1_5' title='bbox 1497 506 1693 572; x_wconf 81' lang='lat' dir='ltr'><strong>aliud.</strong></span> <span class='ocrx_word' id='word_1_6' title='bbox 1754 506 2023 572; x_wconf 68' lang='lat' dir='ltr'><strong><em>Prurire</em></strong></span> <span class='ocrx_word' id='word_1_7' title='bbox 2058 511 2296 592; x_wconf 80' lang='lat' dir='ltr'><strong>autem,</strong></span> <span class='ocrx_word' id='word_1_8' title='bbox 2323 509 2636 593; x_wconf 54' lang='lat' dir='ltr'><strong><em>pruritu-3,</em></strong></span> <span class='ocrx_word' id='word_1_9' title='bbox 2670 528 2895 593; x_wconf 76' lang='lat' dir='ltr'><strong>graece</strong></span> 
     </span>
     <span class='ocr_line' id='line_1_3' title="bbox 609 607 2903 699; baseline 0 -21"><span class='ocrx_word' id='word_1_10' title='bbox 609 613 912 679; x_wconf 86' lang='lat' dir='ltr'><strong>dicuntur</strong></span> <span class='ocrx_word' id='word_1_11' title='bbox 948 607 1236 696; x_wconf 76' lang='grc' dir='ltr'><strong><em>ὀὸάζειν,</em></strong></span> <span class='ocrx_word' id='word_1_12' title='bbox 1270 608 1622 698; x_wconf 77' lang='grc' dir='ltr'><strong><em>άδαξῆσαι,</em></strong></span> <span class='ocrx_word' id='word_1_13' title='bbox 1662 609 1960 698; x_wconf 76' lang='grc' dir='ltr'><strong><em>ὀδαγμός</em></strong></span> <span class='ocrx_word' id='word_1_14' title='bbox 2004 615 2105 680; x_wconf 82' lang='lat' dir='ltr'><strong><em>vel</em></strong></span> <span class='ocrx_word' id='word_1_15' title='bbox 2150 607 2467 699; x_wconf 77' lang='grc' dir='ltr'><strong><em>ἄδαγμός,</em></strong></span> <span class='ocrx_word' id='word_1_16' title='bbox 2504 609 2903 698; x_wconf 78' lang='grc' dir='ltr'><strong><em>ὀδαξησμός,</em></strong></span> 
     </span>
     <span class='ocr_line' id='line_1_4' title="bbox 604 715 2902 807; baseline 0.001 -22"><span class='ocrx_word' id='word_1_17' title='bbox 604 716 953 806; x_wconf 78' lang='grc' dir='ltr'><strong><em>δαξασμός.</em></strong></span> <span class='ocrx_word' id='word_1_18' title='bbox 1017 721 1097 788; x_wconf 89' lang='lat' dir='ltr'><strong><em>cf.</em></strong></span> <span class='ocrx_word' id='word_1_19' title='bbox 1136 715 1322 803; x_wconf 77' lang='grc' dir='ltr'><strong><em>ὀδὰξ,</em></strong></span> <span class='ocrx_word' id='word_1_20' title='bbox 1369 716 1509 799; x_wconf 77' lang='grc' dir='ltr'><strong><em>δάξ.</em></strong></span> <span class='ocrx_word' id='word_1_21' title='bbox 1573 720 1751 798; x_wconf 73' lang='lat' dir='ltr'><strong>Quae</strong></span> <span class='ocrx_word' id='word_1_22' title='bbox 1798 721 2019 787; x_wconf 80' lang='lat' dir='ltr'><strong>omnia</strong></span> <span class='ocrx_word' id='word_1_23' title='bbox 2064 723 2473 807; x_wconf 83' lang='lat' dir='ltr'><strong>comparanti</strong></span> <span class='ocrx_word' id='word_1_24' title='bbox 2518 725 2713 807; x_wconf 81' lang='lat' dir='ltr'><strong>atque</strong></span> <span class='ocrx_word' id='word_1_25' title='bbox 2756 721 2902 787; x_wconf 92' lang='lat' dir='ltr'><strong>Plu-</strong></span> 
     </span>
     <span class='ocr_line' id='line_1_5' title="bbox 600 814 2905 914; baseline 0 -23"><span class='ocrx_word' id='word_1_26' title='bbox 600 826 898 894; x_wconf 80' lang='lat' dir='ltr'><strong>tarchum</strong></span> <span class='ocrx_word' id='word_1_27' title='bbox 925 849 1060 892; x_wconf 86' lang='lat' dir='ltr'><strong><em>non</em></strong></span> <span class='ocrx_word' id='word_1_28' title='bbox 1091 849 1241 893; x_wconf 82' lang='lat' dir='ltr'><strong>raro</strong></span> <span class='ocrx_word' id='word_1_29' title='bbox 1276 828 1478 894; x_wconf 79' lang='lat' dir='ltr'><strong>verba.</strong></span> <span class='ocrx_word' id='word_1_30' title='bbox 1517 827 1814 893; x_wconf 75' lang='lat' dir='ltr'><strong>obsoieta</strong></span> <span class='ocrx_word' id='word_1_31' title='bbox 1842 814 1910 893; x_wconf 82' lang='lat' dir='ltr'><strong><em>et</em></strong></span> <span class='ocrx_word' id='word_1_32' title='bbox 1943 827 2258 894; x_wconf 81' lang='lat' dir='ltr'><strong>inusitata</strong></span> <span class='ocrx_word' id='word_1_33' title='bbox 2288 834 2355 892; x_wconf 84' lang='lat' dir='ltr'><strong><em>et</em></strong></span> <span class='ocrx_word' id='word_1_34' title='bbox 2388 822 2561 906; x_wconf 77' lang='grc' dir='ltr'><strong><em>ἅπαξ</em></strong></span> <span class='ocrx_word' id='word_1_35' title='bbox 2590 825 2905 914; x_wconf 74' lang='grc' dir='ltr'><strong><em>εἰρημένα</em></strong></span> 
     </span>
     <span class='ocr_line' id='line_1_6' title="bbox 601 933 2903 1020; baseline 0 -22"><span class='ocrx_word' id='word_1_36' title='bbox 601 933 670 998; x_wconf 86' lang='lat' dir='ltr'><strong><em>in</em></strong></span> <span class='ocrx_word' id='word_1_37' title='bbox 707 956 898 1000; x_wconf 85' lang='lat' dir='ltr'><strong>usum</strong></span> <span class='ocrx_word' id='word_1_38' title='bbox 943 956 1279 1002; x_wconf 76' lang='lat' dir='ltr'><strong>revocasse</strong></span> <span class='ocrx_word' id='word_1_39' title='bbox 1325 934 1643 1020; x_wconf 72' lang='lat' dir='ltr'><strong>cogitanti</strong></span> <span class='ocrx_word' id='word_1_40' title='bbox 1688 935 2007 1019; x_wconf 88' lang='lat' dir='ltr'><strong>optimum</strong></span> <span class='ocrx_word' id='word_1_41' title='bbox 2052 935 2215 1002; x_wconf 86' lang='lat' dir='ltr'><strong><em>mihi</em></strong></span> <span class='ocrx_word' id='word_1_42' title='bbox 2260 934 2519 1002; x_wconf 84' lang='lat' dir='ltr'><strong>videtur</strong></span> <span class='ocrx_word' id='word_1_43' title='bbox 2562 933 2903 1000; x_wconf 81' lang='lat' dir='ltr'><strong>lectionem</strong></span> 
     </span>
     <span class='ocr_line' id='line_1_7' title="bbox 604 1040 2415 1128; baseline 0.001 -24"><span class='ocrx_word' id='word_1_44' title='bbox 604 1040 931 1125; x_wconf 75' lang='lat' dir='ltr'><strong>traditam,</strong></span> <span class='ocrx_word' id='word_1_45' title='bbox 974 1043 1043 1106; x_wconf 86' lang='lat' dir='ltr'><strong><em>in</em></strong></span> <span class='ocrx_word' id='word_1_46' title='bbox 1089 1065 1218 1128; x_wconf 85' lang='lat' dir='ltr'><strong><em>qua</em></strong></span> <span class='ocrx_word' id='word_1_47' title='bbox 1262 1042 1398 1108; x_wconf 84' lang='lat' dir='ltr'><strong>veri</strong></span> <span class='ocrx_word' id='word_1_48' title='bbox 1445 1041 1598 1127; x_wconf 86' lang='lat' dir='ltr'><strong>quid</strong></span> <span class='ocrx_word' id='word_1_49' title='bbox 1644 1041 1823 1126; x_wconf 80' lang='lat' dir='ltr'><strong>latet,</strong></span> <span class='ocrx_word' id='word_1_50' title='bbox 1866 1062 2002 1106; x_wconf 88' lang='lat' dir='ltr'><strong><em>non</em></strong></span> <span class='ocrx_word' id='word_1_51' title='bbox 2050 1041 2415 1108; x_wconf 75' lang='lat' dir='ltr'><strong>sollicitere.</strong></span> 
     </span>
    </p>

    <p class='ocr_par' dir='ltr' id='par_1_3' title="bbox 604 1143 2899 1343">
     <span class='ocr_line' id='line_1_8' title="bbox 779 1143 2899 1235; baseline 0 -22"><span class='ocrx_word' id='word_1_52' title='bbox 779 1147 984 1214; x_wconf 81' lang='lat' dir='ltr'><strong>Paulo</strong></span> <span class='ocrx_word' id='word_1_53' title='bbox 1030 1153 1181 1234; x_wconf 86' lang='lat' dir='ltr'><strong>post</strong></span> <span class='ocrx_word' id='word_1_54' title='bbox 1225 1148 1422 1214; x_wconf 86' lang='lat' dir='ltr'><strong>scrib:</strong></span> <span class='ocrx_word' id='word_1_55' title='bbox 1467 1143 1633 1214; x_wconf 81' lang='grc' dir='ltr'><strong><em>κατὰ</em></strong></span> <span class='ocrx_word' id='word_1_56' title='bbox 1679 1149 1816 1214; x_wconf 77' lang='grc' dir='ltr'><strong><em>τῶν</em></strong></span> <span class='ocrx_word' id='word_1_57' title='bbox 1864 1148 2150 1225; x_wconf 78' lang='grc' dir='ltr'><strong><em>ἵππους</em></strong></span> <span class='ocrx_word' id='word_1_58' title='bbox 2194 1147 2342 1235; x_wconf 88' lang='lat' dir='ltr'><strong>(pro</strong></span> <span class='ocrx_word' id='word_1_59' title='bbox 2380 1147 2629 1234; x_wconf 78' lang='grc' dir='ltr'><strong><em>ἵππων)</em></strong></span> <span class='ocrx_word' id='word_1_60' title='bbox 2678 1144 2899 1234; x_wconf 79' lang='grc' dir='ltr'><strong><em>ὀχευ-</em></strong></span> 
     </span>
     <span class='ocr_line' id='line_1_9' title="bbox 604 1250 1523 1343; baseline 0.003 -26"><span class='ocrx_word' id='word_1_61' title='bbox 604 1250 862 1322; x_wconf 84' lang='grc' dir='ltr'><strong><em>όντων</em></strong></span> <span class='ocrx_word' id='word_1_62' title='bbox 910 1253 1024 1340; x_wconf 54' lang='grc' dir='ltr'><strong><em>(π</em></strong></span> <span class='ocrx_word' id='word_1_63' title='bbox 1060 1251 1523 1343; x_wconf 82' lang='grc' dir='ltr'><strong><em>βιβαζόντων).</em></strong></span> 
     </span>
    </p>

    <p class='ocr_par' dir='ltr' id='par_1_4' title="bbox 599 1356 2903 1768">
     <span class='ocr_line' id='line_1_10' title="bbox 784 1356 2901 1450; baseline -0.003 -17"><span class='ocrx_word' id='word_1_64' title='bbox 784 1363 852 1434; x_wconf 83' lang='lat' dir='ltr'><strong><em>C.</em></strong></span> <span class='ocrx_word' id='word_1_65' title='bbox 910 1365 996 1431; x_wconf 85' lang='lat'><strong><em>56</em></strong></span> <span class='ocrx_word' id='word_1_66' title='bbox 1048 1362 1136 1450; x_wconf 88' lang='lat' dir='ltr'><strong><em>(p.</em></strong></span> <span class='ocrx_word' id='word_1_67' title='bbox 1191 1364 1321 1430; x_wconf 89' lang='lat'><strong><em>303</em></strong></span> <span class='ocrx_word' id='word_1_68' title='bbox 1351 1362 1415 1450; x_wconf 88' lang='lat' dir='ltr'><strong><em>e)</em></strong></span> <span class='ocrx_word' id='word_1_69' title='bbox 1469 1363 1750 1430; x_wconf 86' lang='lat' dir='ltr'><strong>conicio:</strong></span> <span class='ocrx_word' id='word_1_70' title='bbox 1807 1363 1943 1430; x_wconf 76' lang='grc' dir='ltr'><strong><em>τῶν</em></strong></span> <span class='ocrx_word' id='word_1_71' title='bbox 2000 1360 2077 1428; x_wconf 71' lang='grc' dir='ltr'><strong><em>δὲ</em></strong></span> <span class='ocrx_word' id='word_1_72' title='bbox 2130 1359 2591 1449; x_wconf 78' lang='grc' dir='ltr'><strong><em>φ(ευγουσῶν)</em></strong></span> <span class='ocrx_word' id='word_1_73' title='bbox 2644 1356 2901 1428; x_wconf 78' lang='grc' dir='ltr'><strong><em>ἀποθα-</em></strong></span> 
     </span>
     <span class='ocr_line' id='line_1_11' title="bbox 601 1467 2903 1555; baseline -0.001 -19"><span class='ocrx_word' id='word_1_74' title='bbox 601 1482 748 1537; x_wconf 81' lang='grc' dir='ltr'><strong><em>νεῖν</em></strong></span> <span class='ocrx_word' id='word_1_75' title='bbox 818 1495 1009 1549; x_wconf 87' lang='grc' dir='ltr'><strong><em>τινας</em></strong></span> <span class='ocrx_word' id='word_1_76' title='bbox 1079 1469 1413 1554; x_wconf 78' lang='grc' dir='ltr'><strong><em>λέγουσιν.</em></strong></span> <span class='ocrx_word' id='word_1_77' title='bbox 1514 1467 1879 1555; x_wconf 79' lang='lat' dir='ltr'><strong>Stephanus</strong></span> <span class='ocrx_word' id='word_1_78' title='bbox 1946 1491 1982 1534; x_wconf 83' lang='lat' dir='ltr'><strong>e</strong></span> <span class='ocrx_word' id='word_1_79' title='bbox 2046 1470 2412 1536; x_wconf 74' lang='lat' dir='ltr'><strong>coniectura</strong></span> <span class='ocrx_word' id='word_1_80' title='bbox 2486 1470 2689 1536; x_wconf 87' lang='lat' dir='ltr'><strong>dedit:</strong></span> <span class='ocrx_word' id='word_1_81' title='bbox 2767 1469 2903 1536; x_wconf 76' lang='grc' dir='ltr'><strong><em>τῶν</em></strong></span> 
     </span>
     <span class='ocr_line' id='line_1_12' title="bbox 599 1571 2903 1663; baseline -0.001 -21"><span class='ocrx_word' id='word_1_82' title='bbox 599 1575 676 1642; x_wconf 74' lang='grc' dir='ltr'><strong><em>δὲ</em></strong></span> <span class='ocrx_word' id='word_1_83' title='bbox 750 1578 1253 1662; x_wconf 78' lang='grc' dir='ltr'><strong><em>φονευθέντων.</em></strong></span> <span class='ocrx_word' id='word_1_84' title='bbox 1314 1615 1398 1624; x_wconf 91' lang='lat'><strong><em>——</em></strong></span> <span class='ocrx_word' id='word_1_85' title='bbox 1463 1575 1669 1642; x_wconf 81' lang='lat' dir='ltr'><strong>Paulo</strong></span> <span class='ocrx_word' id='word_1_86' title='bbox 1736 1581 1887 1661; x_wconf 88' lang='lat' dir='ltr'><strong>post</strong></span> <span class='ocrx_word' id='word_1_87' title='bbox 1951 1577 2298 1663; x_wconf 82' lang='lat' dir='ltr'><strong>legendum</strong></span> <span class='ocrx_word' id='word_1_88' title='bbox 2372 1571 2494 1642; x_wconf 83' lang='grc' dir='ltr'><strong><em>ἀπ’</em></strong></span> <span class='ocrx_word' id='word_1_89' title='bbox 2576 1575 2903 1644; x_wconf 77' lang='grc' dir='ltr'><strong><em>ἐκείνων</em></strong></span> 
     </span>
     <span class='ocr_line' id='line_1_13' title="bbox 601 1679 1206 1768; baseline 0.005 -19"><span class='ocrx_word' id='word_1_90' title='bbox 601 1706 721 1768; x_wconf 90' lang='lat' dir='ltr'><strong><em>pro</em></strong></span> <span class='ocrx_word' id='word_1_91' title='bbox 767 1679 860 1750; x_wconf 79' lang='grc' dir='ltr'><strong><em>ἐπ’</em></strong></span> <span class='ocrx_word' id='word_1_92' title='bbox 911 1683 1206 1752; x_wconf 77' lang='grc' dir='ltr'><strong><em>ἐκείνων.</em></strong></span> 
     </span>
    </p>

    <p class='ocr_par' dir='ltr' id='par_1_5' title="bbox 593 1788 2903 2517">
     <span class='ocr_line' id='line_1_14' title="bbox 776 1788 2903 1878; baseline -0.001 -20"><span class='ocrx_word' id='word_1_93' title='bbox 776 1788 1098 1858; x_wconf 66' lang='lat' dir='ltr'><strong><em>Colloeta</em></strong></span> <span class='ocrx_word' id='word_1_94' title='bbox 1154 1789 1522 1858; x_wconf 73' lang='lat' dir='ltr'><strong>Parallela</strong></span> <span class='ocrx_word' id='word_1_95' title='bbox 1577 1814 1629 1856; x_wconf 90' lang='lat' dir='ltr'><strong><em>c.</em></strong></span> <span class='ocrx_word' id='word_1_96' title='bbox 1679 1793 1716 1856; x_wconf 83' lang='lat'><strong>7</strong></span> <span class='ocrx_word' id='word_1_97' title='bbox 1778 1793 1869 1875; x_wconf 81' lang='lat' dir='ltr'><strong><em>(p.</em></strong></span> <span class='ocrx_word' id='word_1_98' title='bbox 1914 1792 2043 1858; x_wconf 82' lang='lat'><strong><em>307</em></strong></span> <span class='ocrx_word' id='word_1_99' title='bbox 2074 1789 2137 1878; x_wconf 92' lang='lat' dir='ltr'><strong><em>c)</em></strong></span> <span class='ocrx_word' id='word_1_100' title='bbox 2194 1793 2363 1858; x_wconf 77' lang='lat' dir='ltr'><strong>male</strong></span> <span class='ocrx_word' id='word_1_101' title='bbox 2428 1791 2903 1858; x_wconf 82' lang='lat' dir='ltr'><strong>Herwerdenus</strong></span> 
     </span>
     <span class='ocr_line' id='line_1_15' title="bbox 599 1891 2901 1988; baseline -0 -24"><span class='ocrx_word' id='word_1_102' title='bbox 599 1891 983 1988; x_wconf 68' lang='grc' dir='ltr'><strong><em>ᾠνωμένοις</em></strong></span> <span class='ocrx_word' id='word_1_103' title='bbox 1037 1899 1320 1964; x_wconf 83' lang='lat' dir='ltr'><strong>correxit</strong></span> <span class='ocrx_word' id='word_1_104' title='bbox 1372 1921 1490 1984; x_wconf 88' lang='lat' dir='ltr'><strong><em>pro</em></strong></span> <span class='ocrx_word' id='word_1_105' title='bbox 1541 1897 1953 1983; x_wconf 77' lang='grc' dir='ltr'><strong><em>οἰνωμένοις.</em></strong></span> <span class='ocrx_word' id='word_1_106' title='bbox 2032 1898 2212 1964; x_wconf 79' lang='lat' dir='ltr'><strong>Haec</strong></span> <span class='ocrx_word' id='word_1_107' title='bbox 2266 1899 2483 1965; x_wconf 81' lang='lat' dir='ltr'><strong>forma</strong></span> <span class='ocrx_word' id='word_1_108' title='bbox 2536 1899 2695 1966; x_wconf 81' lang='lat' dir='ltr'><strong>alibi</strong></span> <span class='ocrx_word' id='word_1_109' title='bbox 2746 1921 2901 1984; x_wconf 85' lang='lat' dir='ltr'><strong>quo-</strong></span> 
     </span>
     <span class='ocr_line' id='line_1_16' title="bbox 599 2003 2899 2090; baseline -0 -20"><span class='ocrx_word' id='word_1_110' title='bbox 599 2027 724 2089; x_wconf 85' lang='lat' dir='ltr'><strong><em>que</em></strong></span> <span class='ocrx_word' id='word_1_111' title='bbox 785 2027 922 2070; x_wconf 90' lang='lat' dir='ltr'><strong><em>non</em></strong></span> <span class='ocrx_word' id='word_1_112' title='bbox 975 2005 1115 2074; x_wconf 86' lang='lat' dir='ltr'><strong>sine</strong></span> <span class='ocrx_word' id='word_1_113' title='bbox 1159 2005 1413 2072; x_wconf 80' lang='lat' dir='ltr'><strong>ratione</strong></span> <span class='ocrx_word' id='word_1_114' title='bbox 1477 2005 1759 2074; x_wconf 86' lang='lat' dir='ltr'><strong>occurrit</strong></span> <span class='ocrx_word' id='word_1_115' title='bbox 1816 2005 1894 2071; x_wconf 85' lang='lat' dir='ltr'><strong><em>cf.</em></strong></span> <span class='ocrx_word' id='word_1_116' title='bbox 1941 2028 2002 2089; x_wconf 90' lang='lat' dir='ltr'><strong><em>p.</em></strong></span> <span class='ocrx_word' id='word_1_117' title='bbox 2053 2007 2181 2071; x_wconf 83' lang='lat'><strong><em>712</em></strong></span> <span class='ocrx_word' id='word_1_118' title='bbox 2209 2007 2281 2071; x_wconf 85' lang='lat' dir='ltr'><strong><em>b:</em></strong></span> <span class='ocrx_word' id='word_1_119' title='bbox 2334 2003 2769 2090; x_wconf 79' lang='grc' dir='ltr'><strong><em>οἰνωμένους.</em></strong></span> <span class='ocrx_word' id='word_1_120' title='bbox 2839 2028 2899 2090; x_wconf 88' lang='lat' dir='ltr'><strong><em>p.</em></strong></span> 
     </span>
     <span class='ocr_line' id='line_1_17' title="bbox 599 2111 2898 2199; baseline 0.001 -22"><span class='ocrx_word' id='word_1_121' title='bbox 599 2111 727 2178; x_wconf 79' lang='lat'><strong><em>357</em></strong></span> <span class='ocrx_word' id='word_1_122' title='bbox 757 2112 800 2178; x_wconf 87' lang='lat' dir='ltr'><strong><em>f.</em></strong></span> <span class='ocrx_word' id='word_1_123' title='bbox 883 2111 1026 2178; x_wconf 94' lang='lat' dir='ltr'><strong><em>Hoc</em></strong></span> <span class='ocrx_word' id='word_1_124' title='bbox 1075 2113 1247 2178; x_wconf 86' lang='lat' dir='ltr'><strong>enim</strong></span> <span class='ocrx_word' id='word_1_125' title='bbox 1303 2112 1598 2197; x_wconf 81' lang='lat' dir='ltr'><strong>verbum,</strong></span> <span class='ocrx_word' id='word_1_126' title='bbox 1646 2115 1720 2178; x_wconf 90' lang='lat' dir='ltr'><strong><em>ut</em></strong></span> <span class='ocrx_word' id='word_1_127' title='bbox 1762 2113 2043 2196; x_wconf 79' lang='lat' dir='ltr'><strong>plurima</strong></span> <span class='ocrx_word' id='word_1_128' title='bbox 2086 2112 2215 2177; x_wconf 81' lang='lat' dir='ltr'><strong>alia</strong></span> <span class='ocrx_word' id='word_1_129' title='bbox 2261 2113 2537 2199; x_wconf 77' lang='grc' dir='ltr'><strong><em>οἰστρῶ,</em></strong></span> <span class='ocrx_word' id='word_1_130' title='bbox 2584 2113 2898 2197; x_wconf 77' lang='grc' dir='ltr'><strong><em>οἰκουρω,</em></strong></span> 
     </span>
     <span class='ocr_line' id='line_1_18' title="bbox 600 2218 2901 2304; baseline 0 -20"><span class='ocrx_word' id='word_1_131' title='bbox 600 2219 1008 2304; x_wconf 76' lang='grc' dir='ltr'><strong><em>οίκοφθορῶ,</em></strong></span> <span class='ocrx_word' id='word_1_132' title='bbox 1047 2220 1451 2304; x_wconf 75' lang='grc' dir='ltr'><strong><em>οἰωνίζομαι,</em></strong></span> <span class='ocrx_word' id='word_1_133' title='bbox 1498 2223 1745 2304; x_wconf 77' lang='grc' dir='ltr'><strong><em>οἴχωκα</em></strong></span> <span class='ocrx_word' id='word_1_134' title='bbox 1782 2222 1900 2284; x_wconf 86' lang='lat' dir='ltr'><strong>etc.</strong></span> <span class='ocrx_word' id='word_1_135' title='bbox 1937 2218 2107 2284; x_wconf 84' lang='lat' dir='ltr'><strong>forte</strong></span> <span class='ocrx_word' id='word_1_136' title='bbox 2153 2221 2419 2303; x_wconf 85' lang='lat' dir='ltr'><strong>propter</strong></span> <span class='ocrx_word' id='word_1_137' title='bbox 2466 2221 2901 2304; x_wconf 81' lang='grc' dir='ltr'><strong><em>κακοφωνίαν</em></strong></span> 
     </span>
     <span class='ocr_line' id='line_1_19' title="bbox 597 2324 2900 2412; baseline 0 -20"><span class='ocrx_word' id='word_1_138' title='bbox 597 2326 920 2412; x_wconf 72' lang='lat' dir='ltr'><strong>quandam</strong></span> <span class='ocrx_word' id='word_1_139' title='bbox 935 2329 1283 2411; x_wconf 72' lang='lat' dir='ltr'><strong>augmento</strong></span> <span class='ocrx_word' id='word_1_140' title='bbox 1299 2347 1515 2392; x_wconf 81' lang='lat' dir='ltr'><strong>carere</strong></span> <span class='ocrx_word' id='word_1_141' title='bbox 1529 2346 1723 2411; x_wconf 86' lang='lat' dir='ltr'><strong>posse</strong></span> <span class='ocrx_word' id='word_1_142' title='bbox 1734 2325 2057 2392; x_wconf 88' lang='lat' dir='ltr'><strong>docebunt</strong></span> <span class='ocrx_word' id='word_1_143' title='bbox 2070 2324 2484 2412; x_wconf 76' lang='lat' dir='ltr'><strong>Matthiaeus‚</strong></span> <span class='ocrx_word' id='word_1_144' title='bbox 2496 2325 2900 2411; x_wconf 84' lang='lat' dir='ltr'><strong>Kuehnerus,</strong></span> 
     </span>
     <span class='ocr_line' id='line_1_20' title="bbox 593 2431 1155 2517; baseline 0.004 -21"><span class='ocrx_word' id='word_1_145' title='bbox 593 2431 978 2517; x_wconf 81' lang='lat' dir='ltr'><strong>Passowius,</strong></span> <span class='ocrx_word' id='word_1_146' title='bbox 1024 2433 1155 2498; x_wconf 80' lang='lat' dir='ltr'><strong>alii.</strong></span> 
     </span>
    </p>

    <p class='ocr_par' dir='ltr' id='par_1_6' title="bbox 592 2535 2899 3054">
     <span class='ocr_line' id='line_1_21' title="bbox 771 2535 2893 2628; baseline 0 -23"><span class='ocrx_word' id='word_1_147' title='bbox 771 2537 877 2605; x_wconf 76' lang='lat' dir='ltr'><strong><em>De</em></strong></span> <span class='ocrx_word' id='word_1_148' title='bbox 921 2538 1248 2607; x_wconf 75' lang='lat' dir='ltr'><strong>Fortuna</strong></span> <span class='ocrx_word' id='word_1_149' title='bbox 1280 2538 1767 2608; x_wconf 74' lang='lat' dir='ltr'><strong>Romanorum</strong></span> <span class='ocrx_word' id='word_1_150' title='bbox 1814 2561 1866 2606; x_wconf 91' lang='lat' dir='ltr'><strong><em>c.</em></strong></span> <span class='ocrx_word' id='word_1_151' title='bbox 1904 2540 1947 2607; x_wconf 85' lang='lat'>5</span> <span class='ocrx_word' id='word_1_152' title='bbox 1994 2537 2085 2626; x_wconf 90' lang='lat' dir='ltr'><strong><em>(p.</em></strong></span> <span class='ocrx_word' id='word_1_153' title='bbox 2131 2541 2259 2607; x_wconf 86' lang='lat'><strong><em>318</em></strong></span> <span class='ocrx_word' id='word_1_154' title='bbox 2288 2538 2379 2628; x_wconf 86' lang='lat' dir='ltr'><strong><em>e):</em></strong></span> <span class='ocrx_word' id='word_1_155' title='bbox 2426 2535 2557 2625; x_wconf 76' lang='grc' dir='ltr'><strong><em>ἤδη</em></strong></span> <span class='ocrx_word' id='word_1_156' title='bbox 2603 2536 2753 2606; x_wconf 89' lang='grc' dir='ltr'><strong><em>τότε</em></strong></span> <span class='ocrx_word' id='word_1_157' title='bbox 2788 2535 2893 2606; x_wconf 78' lang='grc' dir='ltr'><strong><em>λό·</em></strong></span> 
     </span>
     <span class='ocr_line' id='line_1_22' title="bbox 595 2643 2899 2734; baseline 0.001 -21"><span class='ocrx_word' id='word_1_158' title='bbox 595 2671 736 2731; x_wconf 76' lang='grc' dir='ltr'><strong><em>γων</em></strong></span> <span class='ocrx_word' id='word_1_159' title='bbox 803 2645 915 2713; x_wconf 80' lang='grc' dir='ltr'><strong><em>καὶ</em></strong></span> <span class='ocrx_word' id='word_1_160' title='bbox 980 2649 1375 2731; x_wconf 76' lang='grc' dir='ltr'><strong><em>σοφιστῶν</em></strong></span> <span class='ocrx_word' id='word_1_161' title='bbox 1435 2644 1547 2711; x_wconf 84' lang='grc' dir='ltr'><strong><em>καὶ</em></strong></span> <span class='ocrx_word' id='word_1_162' title='bbox 1613 2650 1989 2732; x_wconf 78' lang='grc' dir='ltr'><strong><em>στωμυλίας</em></strong></span> <span class='ocrx_word' id='word_1_163' title='bbox 2045 2650 2555 2734; x_wconf 79' lang='grc' dir='ltr'><strong><em>παρεισρυείσης</em></strong></span> <span class='ocrx_word' id='word_1_164' title='bbox 2622 2650 2718 2725; x_wconf 87' lang='grc' dir='ltr'><strong><em>εἰς</em></strong></span> <span class='ocrx_word' id='word_1_165' title='bbox 2772 2643 2899 2731; x_wconf 79' lang='grc' dir='ltr'><strong><em>τὴν</em></strong></span> 
     </span>
     <span class='ocr_line' id='line_1_23' title="bbox 592 2750 2893 2840; baseline 0 -22"><span class='ocrx_word' id='word_1_166' title='bbox 592 2750 812 2819; x_wconf 73' lang='grc' dir='ltr'><strong><em>πόλιν.</em></strong></span> <span class='ocrx_word' id='word_1_167' title='bbox 867 2753 1173 2821; x_wconf 76' lang='lat' dir='ltr'><strong>Fortasse</strong></span> <span class='ocrx_word' id='word_1_168' title='bbox 1201 2754 1680 2840; x_wconf 82' lang='lat' dir='ltr'><strong>corrigendum:</strong></span> <span class='ocrx_word' id='word_1_169' title='bbox 1720 2752 1831 2821; x_wconf 84' lang='grc' dir='ltr'><strong><em>καὶ</em></strong></span> <span class='ocrx_word' id='word_1_170' title='bbox 1865 2751 2379 2839; x_wconf 79' lang='grc' dir='ltr'><strong><em>σοφι[σμά]των,</em></strong></span> <span class='ocrx_word' id='word_1_171' title='bbox 2412 2755 2554 2820; x_wconf 89' lang='lat' dir='ltr'><strong>coll.</strong></span> <span class='ocrx_word' id='word_1_172' title='bbox 2582 2778 2642 2839; x_wconf 88' lang='lat' dir='ltr'><strong><em>p.</em></strong></span> <span class='ocrx_word' id='word_1_173' title='bbox 2672 2755 2805 2821; x_wconf 82' lang='lat'><strong><em>322</em></strong></span> <span class='ocrx_word' id='word_1_174' title='bbox 2824 2756 2893 2819; x_wconf 89' lang='lat' dir='ltr'><strong><em>d:</em></strong></span> 
     </span>
     <span class='ocr_line' id='line_1_24' title="bbox 592 2855 2899 2947; baseline 0.001 -22"><span class='ocrx_word' id='word_1_175' title='bbox 592 2855 724 2945; x_wconf 77' lang='grc' dir='ltr'><strong><em>ἤδη</em></strong></span> <span class='ocrx_word' id='word_1_176' title='bbox 761 2856 910 2926; x_wconf 89' lang='grc' dir='ltr'><strong><em>τότε</em></strong></span> <span class='ocrx_word' id='word_1_177' title='bbox 947 2858 1170 2945; x_wconf 77' lang='grc' dir='ltr'><strong><em>λόγων</em></strong></span> <span class='ocrx_word' id='word_1_178' title='bbox 1211 2860 1322 2927; x_wconf 80' lang='grc' dir='ltr'><strong><em>καὶ</em></strong></span> <span class='ocrx_word' id='word_1_179' title='bbox 1369 2858 1885 2946; x_wconf 80' lang='grc' dir='ltr'><strong><em>σοφισμάτων</em></strong></span> <span class='ocrx_word' id='word_1_180' title='bbox 1940 2858 2055 2926; x_wconf 85' lang='grc' dir='ltr'><strong><em>καὶ</em></strong></span> <span class='ocrx_word' id='word_1_181' title='bbox 2100 2864 2474 2947; x_wconf 81' lang='grc' dir='ltr'><strong><em>στωμυλίας</em></strong></span> <span class='ocrx_word' id='word_1_182' title='bbox 2509 2856 2899 2947; x_wconf 78' lang='grc' dir='ltr'><strong><em>Ἑλληνικῆς</em></strong></span> 
     </span>
     <span class='ocr_line' id='line_1_25' title="bbox 596 2962 1674 3054; baseline 0.002 -23"><span class='ocrx_word' id='word_1_183' title='bbox 596 2967 691 3043; x_wconf 88' lang='grc' dir='ltr'><strong><em>εἰς</em></strong></span> <span class='ocrx_word' id='word_1_184' title='bbox 731 2962 858 3051; x_wconf 76' lang='grc' dir='ltr'><strong><em>τὴν</em></strong></span> <span class='ocrx_word' id='word_1_185' title='bbox 900 2964 1102 3034; x_wconf 86' lang='grc' dir='ltr'><strong><em>πόλιν</em></strong></span> <span class='ocrx_word' id='word_1_186' title='bbox 1147 2971 1674 3054; x_wconf 80' lang='grc' dir='ltr'><strong><em>παρεισρυείσης.</em></strong></span> 
     </span>
    </p>

    <p class='ocr_par' dir='ltr' id='par_1_7' title="bbox 591 3068 2900 3912">
     <span class='ocr_line' id='line_1_26' title="bbox 772 3068 2897 3161; baseline 0 -22"><span class='ocrx_word' id='word_1_187' title='bbox 772 3071 842 3139; x_wconf 84' lang='lat' dir='ltr'><strong><em>C.</em></strong></span> <span class='ocrx_word' id='word_1_188' title='bbox 867 3075 949 3139; x_wconf 89' lang='lat'><strong><em>13</em></strong></span> <span class='ocrx_word' id='word_1_189' title='bbox 971 3072 1061 3161; x_wconf 91' lang='lat' dir='ltr'><strong><em>(p.</em></strong></span> <span class='ocrx_word' id='word_1_190' title='bbox 1081 3074 1213 3139; x_wconf 83' lang='lat'><strong><em>326</em></strong></span> <span class='ocrx_word' id='word_1_191' title='bbox 1228 3073 1330 3160; x_wconf 88' lang='lat' dir='ltr'><strong><em>b):</em></strong></span> <span class='ocrx_word' id='word_1_192' title='bbox 1353 3068 1792 3159; x_wconf 76' lang='grc' dir='ltr'><strong><em>Ἀλεξάνδρου</em></strong></span> <span class='ocrx_word' id='word_1_193' title='bbox 1818 3069 2185 3158; x_wconf 75' lang='grc' dir='ltr'><strong><em>βάλλοντος</em></strong></span> <span class='ocrx_word' id='word_1_194' title='bbox 2211 3069 2341 3158; x_wconf 74' lang='grc' dir='ltr'><strong><em>ἤδη</em></strong></span> <span class='ocrx_word' id='word_1_195' title='bbox 2370 3069 2487 3151; x_wconf 80' lang='grc' dir='ltr'><strong><em>τὰς</em></strong></span> <span class='ocrx_word' id='word_1_196' title='bbox 2511 3074 2649 3140; x_wconf 73' lang='grc' dir='ltr'><strong><em>τῶν</em></strong></span> <span class='ocrx_word' id='word_1_197' title='bbox 2668 3068 2897 3141; x_wconf 81' lang='grc' dir='ltr'><strong><em>ὅπλων</em></strong></span> 
     </span>
     <span class='ocr_line' id='line_1_27' title="bbox 594 3170 2899 3270; baseline 0.001 -25"><span class='ocrx_word' id='word_1_198' title='bbox 594 3173 803 3264; x_wconf 78' lang='grc' dir='ltr'><strong><em>αὐγὰς</em></strong></span> <span class='ocrx_word' id='word_1_199' title='bbox 829 3182 924 3257; x_wconf 84' lang='grc' dir='ltr'><strong><em>εἰς</em></strong></span> <span class='ocrx_word' id='word_1_200' title='bbox 949 3175 1074 3265; x_wconf 81' lang='grc' dir='ltr'><strong><em>τὴν</em></strong></span> <span class='ocrx_word' id='word_1_201' title='bbox 1104 3176 1414 3263; x_wconf 87' lang='grc' dir='ltr'><strong><em>Ἰταλίαν,</em></strong></span> <span class='ocrx_word' id='word_1_202' title='bbox 1441 3180 1494 3247; x_wconf 75' lang='grc' dir='ltr'><em>ὦ</em></span> <span class='ocrx_word' id='word_1_203' title='bbox 1509 3204 1543 3257; x_wconf 91' lang='grc' dir='ltr'><strong><em>ς</em></strong></span> <span class='ocrx_word' id='word_1_204' title='bbox 1569 3176 1904 3266; x_wconf 83' lang='grc' dir='ltr'><strong><em>πρόφασις</em></strong></span> <span class='ocrx_word' id='word_1_205' title='bbox 1929 3178 2054 3265; x_wconf 77' lang='grc' dir='ltr'><strong><em>μὲν</em></strong></span> <span class='ocrx_word' id='word_1_206' title='bbox 2082 3170 2171 3265; x_wconf 79' lang='grc' dir='ltr'><strong><em>ἦν</em></strong></span> <span class='ocrx_word' id='word_1_207' title='bbox 2198 3176 2377 3270; x_wconf 76' lang='grc' dir='ltr'><strong><em>αὐτῷ</em></strong></span> <span class='ocrx_word' id='word_1_208' title='bbox 2407 3180 2523 3265; x_wconf 81' lang='grc' dir='ltr'><strong><em>τῆς</em></strong></span> <span class='ocrx_word' id='word_1_209' title='bbox 2552 3184 2899 3267; x_wconf 81' lang='grc' dir='ltr'><strong><em>στρατείας</em></strong></span> 
     </span>
     <span class='ocr_line' id='line_1_28' title="bbox 594 3276 2897 3373; baseline -0.001 -20"><span class='ocrx_word' id='word_1_210' title='bbox 594 3282 629 3353; x_wconf 86' lang='grc' dir='ltr'>ὁ</span> <span class='ocrx_word' id='word_1_211' title='bbox 674 3291 1027 3365; x_wconf 91' lang='grc' dir='ltr'><strong><em>Μολοττος</em></strong></span> <span class='ocrx_word' id='word_1_212' title='bbox 1067 3280 1498 3372; x_wconf 77' lang='grc' dir='ltr'><strong><em>Ἀλέξανδρος</em></strong></span> <span class='ocrx_word' id='word_1_213' title='bbox 1539 3292 1677 3353; x_wconf 89' lang='grc' dir='ltr'><strong><em>κτλ.</em></strong></span> <span class='ocrx_word' id='word_1_214' title='bbox 1751 3284 2035 3353; x_wconf 85' lang='lat' dir='ltr'><strong>Cobetus</strong></span> <span class='ocrx_word' id='word_1_215' title='bbox 2077 3287 2380 3353; x_wconf 88' lang='lat' dir='ltr'><strong>coniecit:</strong></span> <span class='ocrx_word' id='word_1_216' title='bbox 2426 3276 2524 3352; x_wconf 74' lang='grc' dir='ltr'><strong><em>ὧν</em></strong></span> <span class='ocrx_word' id='word_1_217' title='bbox 2560 3284 2897 3373; x_wconf 85' lang='grc' dir='ltr'><strong><em>πρόφασις</em></strong></span> 
     </span>
     <span class='ocr_line' id='line_1_29' title="bbox 592 3384 2900 3484; baseline -0.002 -23"><span class='ocrx_word' id='word_1_218' title='bbox 592 3392 716 3480; x_wconf 74' lang='grc' dir='ltr'><strong><em>μὲν</em></strong></span> <span class='ocrx_word' id='word_1_219' title='bbox 751 3384 840 3481; x_wconf 76' lang='grc' dir='ltr'><strong><em>ἦν</em></strong></span> <span class='ocrx_word' id='word_1_220' title='bbox 875 3390 1054 3484; x_wconf 77' lang='grc' dir='ltr'><strong><em>αὐτῷ</em></strong></span> <span class='ocrx_word' id='word_1_221' title='bbox 1089 3388 1126 3460; x_wconf 86' lang='grc' dir='ltr'>ὁ</span> <span class='ocrx_word' id='word_1_222' title='bbox 1170 3398 1266 3460; x_wconf 83' lang='grc' dir='ltr'><strong>Μ</strong></span> <span class='ocrx_word' id='word_1_223' title='bbox 1297 3388 1494 3475; x_wconf 78' lang='grc' dir='ltr'><strong><em>Ἀλέξ.</em></strong></span> <span class='ocrx_word' id='word_1_224' title='bbox 1531 3398 1854 3480; x_wconf 81' lang='lat' dir='ltr'><strong>expuncto</strong></span> <span class='ocrx_word' id='word_1_225' title='bbox 1891 3395 2008 3479; x_wconf 85' lang='grc' dir='ltr'><strong><em>τῆς</em></strong></span> <span class='ocrx_word' id='word_1_226' title='bbox 2042 3396 2402 3480; x_wconf 85' lang='grc' dir='ltr'><strong><em>στρατείας.</em></strong></span> <span class='ocrx_word' id='word_1_227' title='bbox 2461 3393 2900 3459; x_wconf 81' lang='lat' dir='ltr'><strong>Praeferenda</strong></span> 
     </span>
     <span class='ocr_line' id='line_1_30' title="bbox 591 3487 2894 3590; baseline -0.001 -23"><span class='ocrx_word' id='word_1_228' title='bbox 591 3502 845 3569; x_wconf 82' lang='lat' dir='ltr'><strong>videtur</strong></span> <span class='ocrx_word' id='word_1_229' title='bbox 880 3502 1092 3588; x_wconf 80' lang='lat' dir='ltr'><strong>Wytt.</strong></span> <span class='ocrx_word' id='word_1_230' title='bbox 1138 3503 1306 3569; x_wconf 81' lang='lat' dir='ltr'><strong>ratio</strong></span> <span class='ocrx_word' id='word_1_231' title='bbox 1350 3502 1563 3587; x_wconf 85' lang='lat' dir='ltr'><strong>legere</strong></span> <span class='ocrx_word' id='word_1_232' title='bbox 1610 3501 1962 3567; x_wconf 77' lang='lat' dir='ltr'><strong>monentis:</strong></span> <span class='ocrx_word' id='word_1_233' title='bbox 2010 3489 2063 3590; x_wconf 73' lang='grc' dir='ltr'><em>ᾧ</em></span> <span class='ocrx_word' id='word_1_234' title='bbox 2101 3496 2437 3585; x_wconf 87' lang='grc' dir='ltr'><strong><em>πρόφασις</em></strong></span> <span class='ocrx_word' id='word_1_235' title='bbox 2481 3496 2605 3584; x_wconf 75' lang='grc' dir='ltr'><strong><em>μὲν</em></strong></span> <span class='ocrx_word' id='word_1_236' title='bbox 2642 3487 2731 3583; x_wconf 82' lang='grc' dir='ltr'><strong><em>ἦν</em></strong></span> <span class='ocrx_word' id='word_1_237' title='bbox 2772 3500 2894 3584; x_wconf 81' lang='grc' dir='ltr'><strong><em>τῆς</em></strong></span> 
     </span>
     <span class='ocr_line' id='line_1_31' title="bbox 594 3594 2893 3699; baseline 0 -27"><span class='ocrx_word' id='word_1_238' title='bbox 594 3612 958 3693; x_wconf 87' lang='grc' dir='ltr'><strong><em>στρατείας,</em></strong></span> <span class='ocrx_word' id='word_1_239' title='bbox 995 3614 1314 3695; x_wconf 86' lang='lat' dir='ltr'><strong>expuncto</strong></span> <span class='ocrx_word' id='word_1_240' title='bbox 1353 3604 1554 3699; x_wconf 77' lang='grc' dir='ltr'><strong><em>αὐτῷ,</em></strong></span> <span class='ocrx_word' id='word_1_241' title='bbox 1595 3609 1792 3699; x_wconf 63' lang='lat' dir='ltr'><strong>quod,</strong></span> <span class='ocrx_word' id='word_1_242' title='bbox 1828 3612 2173 3693; x_wconf 78' lang='lat' dir='ltr'><strong>postquam</strong></span> <span class='ocrx_word' id='word_1_243' title='bbox 2208 3628 2328 3692; x_wconf 94' lang='lat' dir='ltr'><strong><em>pro</em></strong></span> <span class='ocrx_word' id='word_1_244' title='bbox 2374 3594 2427 3695; x_wconf 74' lang='grc' dir='ltr'><em>ᾦ</em></span> <span class='ocrx_word' id='word_1_245' title='bbox 2467 3606 2893 3673; x_wconf 82' lang='lat' dir='ltr'><strong>substitutum</strong></span> 
     </span>
     <span class='ocr_line' id='line_1_32' title="bbox 592 3700 2895 3802; baseline 0 -23"><span class='ocrx_word' id='word_1_246' title='bbox 592 3717 692 3779; x_wconf 88' lang='lat' dir='ltr'><strong>est</strong></span> <span class='ocrx_word' id='word_1_247' title='bbox 754 3708 854 3791; x_wconf 75' lang='grc' dir='ltr'><strong><em>ὥς</em></strong></span> <span class='ocrx_word' id='word_1_248' title='bbox 923 3719 997 3780; x_wconf 86' lang='lat' dir='ltr'><strong><em>ut</em></strong></span> <span class='ocrx_word' id='word_1_249' title='bbox 1070 3738 1290 3802; x_wconf 82' lang='lat' dir='ltr'><strong>saepe,</strong></span> <span class='ocrx_word' id='word_1_250' title='bbox 1363 3700 1703 3801; x_wconf 84' lang='lat' dir='ltr'><strong>irrepsisse</strong></span> <span class='ocrx_word' id='word_1_251' title='bbox 1765 3716 2166 3801; x_wconf 82' lang='lat' dir='ltr'><strong>probabilius</strong></span> <span class='ocrx_word' id='word_1_252' title='bbox 2226 3719 2344 3779; x_wconf 85' lang='lat' dir='ltr'><strong>est.</strong></span> <span class='ocrx_word' id='word_1_253' title='bbox 2434 3710 2737 3779; x_wconf 81' lang='lat' dir='ltr'><strong>Ceterum</strong></span> <span class='ocrx_word' id='word_1_254' title='bbox 2794 3704 2895 3779; x_wconf 77' lang='grc' dir='ltr'><strong><em>ὦν</em></strong></span> 
     </span>
     <span class='ocr_line' id='line_1_33' title="bbox 591 3812 2771 3912; baseline -0.001 -25"><span class='ocrx_word' id='word_1_255' title='bbox 591 3816 879 3908; x_wconf 82' lang='grc' dir='ltr'><strong><em>(ὅπλων)</em></strong></span> <span class='ocrx_word' id='word_1_256' title='bbox 923 3818 1260 3909; x_wconf 87' lang='grc' dir='ltr'><strong><em>πρόφασις</em></strong></span> <span class='ocrx_word' id='word_1_257' title='bbox 1302 3812 1390 3907; x_wconf 81' lang='grc' dir='ltr'><strong><em>ἦν</em></strong></span> <span class='ocrx_word' id='word_1_258' title='bbox 1435 3818 1614 3912; x_wconf 74' lang='grc' dir='ltr'><strong><em>αὐτῷ</em></strong></span> <span class='ocrx_word' id='word_1_259' title='bbox 1662 3823 1943 3909; x_wconf 81' lang='lat' dir='ltr'><strong>quodam</strong></span> <span class='ocrx_word' id='word_1_260' title='bbox 1987 3822 2181 3887; x_wconf 90' lang='lat' dir='ltr'><strong>modo</strong></span> <span class='ocrx_word' id='word_1_261' title='bbox 2226 3819 2609 3905; x_wconf 84' lang='lat' dir='ltr'><strong>impeditum</strong></span> <span class='ocrx_word' id='word_1_262' title='bbox 2653 3824 2771 3885; x_wconf 86' lang='lat' dir='ltr'><strong>est.</strong></span> 
     </span>
    </p>

    <p class='ocr_par' dir='ltr' id='par_1_8' title="bbox 585 3924 2889 4234">
     <span class='ocr_line' id='line_1_34' title="bbox 768 3924 2889 4015; baseline -0 -21"><span class='ocrx_word' id='word_1_263' title='bbox 768 3927 876 3995; x_wconf 85' lang='lat' dir='ltr'><strong><em>De</em></strong></span> <span class='ocrx_word' id='word_1_264' title='bbox 927 3926 1138 3995; x_wconf 74' lang='grc' dir='ltr'><strong><em>ΑΙθΧ.</em></strong></span> <span class='ocrx_word' id='word_1_265' title='bbox 1199 3928 1524 3996; x_wconf 74' lang='lat' dir='ltr'><strong>Fortuna</strong></span> <span class='ocrx_word' id='word_1_266' title='bbox 1575 3928 1625 3994; x_wconf 91' lang='lat' dir='ltr'><strong><em>I.</em></strong></span> <span class='ocrx_word' id='word_1_267' title='bbox 1692 3952 1743 3995; x_wconf 93' lang='lat' dir='ltr'><strong><em>c.</em></strong></span> <span class='ocrx_word' id='word_1_268' title='bbox 1790 3930 1833 3993; x_wconf 85' lang='lat'><strong><em>2</em></strong></span> <span class='ocrx_word' id='word_1_269' title='bbox 1890 3927 1980 4015; x_wconf 91' lang='lat' dir='ltr'><strong><em>(p.</em></strong></span> <span class='ocrx_word' id='word_1_270' title='bbox 2026 3929 2154 3994; x_wconf 82' lang='lat'><strong><em>327</em></strong></span> <span class='ocrx_word' id='word_1_271' title='bbox 2186 3926 2254 4015; x_wconf 80' lang='lat' dir='ltr'><strong><em>a)</em></strong></span> <span class='ocrx_word' id='word_1_272' title='bbox 2320 3926 2757 3993; x_wconf 88' lang='lat' dir='ltr'><strong>scribendum:</strong></span> <span class='ocrx_word' id='word_1_273' title='bbox 2808 3924 2889 3993; x_wconf 84' lang='grc' dir='ltr'><strong><em>-τὸ</em></strong></span> 
     </span>
     <span class='ocr_line' id='line_1_35' title="bbox 589 4030 2889 4123; baseline -0.002 -20"><span class='ocrx_word' id='word_1_274' title='bbox 589 4034 714 4122; x_wconf 74' lang='grc' dir='ltr'><strong><em>μὲν</em></strong></span> <span class='ocrx_word' id='word_1_275' title='bbox 742 4032 1008 4123; x_wconf 88' lang='grc' dir='ltr'><strong><em>σφυρὸν</em></strong></span> <span class='ocrx_word' id='word_1_276' title='bbox 1051 4032 1198 4123; x_wconf 89' lang='lat' dir='ltr'><strong>(pro</strong></span> <span class='ocrx_word' id='word_1_277' title='bbox 1243 4033 1367 4103; x_wconf 86' lang='grc' dir='ltr'><strong><em>τὸν</em></strong></span> <span class='ocrx_word' id='word_1_278' title='bbox 1406 4032 1530 4123; x_wconf 76' lang='grc' dir='ltr'><strong><em>μὲν</em></strong></span> <span class='ocrx_word' id='word_1_279' title='bbox 1558 4032 1859 4123; x_wconf 86' lang='grc' dir='ltr'><strong><em>σφυρόν)</em></strong></span> <span class='ocrx_word' id='word_1_280' title='bbox 1888 4030 2271 4119; x_wconf 77' lang='grc' dir='ltr'><strong><em>ἐτοξεύθην.</em></strong></span> <span class='ocrx_word' id='word_1_281' title='bbox 2340 4034 2536 4099; x_wconf 81' lang='lat' dir='ltr'><strong>Recte</strong></span> <span class='ocrx_word' id='word_1_282' title='bbox 2570 4057 2636 4120; x_wconf 89' lang='lat' dir='ltr'><strong><em>p.</em></strong></span> <span class='ocrx_word' id='word_1_283' title='bbox 2674 4034 2802 4099; x_wconf 87' lang='lat'><strong><em>341</em></strong></span> <span class='ocrx_word' id='word_1_284' title='bbox 2827 4056 2889 4100; x_wconf 85' lang='lat' dir='ltr'><strong><em>c:</em></strong></span> 
     </span>
     <span class='ocr_line' id='line_1_36' title="bbox 585 4137 1520 4234; baseline -0.001 -25"><span class='ocrx_word' id='word_1_285' title='bbox 585 4138 844 4234; x_wconf 77' lang='grc' dir='ltr'><strong><em>Ἰνδικῷ</em></strong></span> <span class='ocrx_word' id='word_1_286' title='bbox 891 4141 1067 4229; x_wconf 81' lang='grc' dir='ltr'><strong><em>βέλει</em></strong></span> <span class='ocrx_word' id='word_1_287' title='bbox 1111 4137 1186 4210; x_wconf 85' lang='grc' dir='ltr'><strong><em>τὸ</em></strong></span> <span class='ocrx_word' id='word_1_288' title='bbox 1235 4138 1520 4229; x_wconf 87' lang='grc' dir='ltr'><strong><em>σφυρόν.</em></strong></span> 
     </span>
    </p>

    <p class='ocr_par' dir='ltr' id='par_1_9' title="bbox 589 4243 2886 4550">
     <span class='ocr_line' id='line_1_37' title="bbox 765 4243 2886 4338; baseline -0.001 -22"><span class='ocrx_word' id='word_1_289' title='bbox 765 4251 972 4318; x_wconf 84' lang='lat' dir='ltr'><strong>Paulo</strong></span> <span class='ocrx_word' id='word_1_290' title='bbox 1008 4256 1163 4338; x_wconf 88' lang='lat' dir='ltr'><strong>post</strong></span> <span class='ocrx_word' id='word_1_291' title='bbox 1199 4250 1678 4336; x_wconf 85' lang='lat' dir='ltr'><strong>corrigendum:</strong></span> <span class='ocrx_word' id='word_1_292' title='bbox 1720 4248 1795 4314; x_wconf 81' lang='grc' dir='ltr'><strong><em>ἐν</em></strong></span> <span class='ocrx_word' id='word_1_293' title='bbox 1832 4244 1907 4313; x_wconf 71' lang='grc' dir='ltr'><strong><em>δὲ</em></strong></span> <span class='ocrx_word' id='word_1_294' title='bbox 1942 4251 2305 4323; x_wconf 75' lang='grc' dir='ltr'><strong><em>Μαλλοῖς</em></strong></span> <span class='ocrx_word' id='word_1_295' title='bbox 2339 4245 2488 4332; x_wconf 89' lang='lat' dir='ltr'><strong>(pro</strong></span> <span class='ocrx_word' id='word_1_296' title='bbox 2525 4243 2886 4335; x_wconf 88' lang='grc' dir='ltr'><strong><em>Μάλλωσι)</em></strong></span> 
     </span>
     <span class='ocr_line' id='line_1_38' title="bbox 590 4350 2883 4444; baseline -0.003 -19"><span class='ocrx_word' id='word_1_297' title='bbox 590 4357 768 4442; x_wconf 84' lang='grc' dir='ltr'><strong><em>βέλει</em></strong></span> <span class='ocrx_word' id='word_1_298' title='bbox 806 4356 929 4443; x_wconf 73' lang='grc' dir='ltr'><strong><em>μὲν</em></strong></span> <span class='ocrx_word' id='word_1_299' title='bbox 971 4352 1101 4425; x_wconf 88' lang='grc' dir='ltr'><strong><em>άπὸ</em></strong></span> <span class='ocrx_word' id='word_1_300' title='bbox 1137 4355 1362 4442; x_wconf 82' lang='grc' dir='ltr'><strong><em>τόξου,</em></strong></span> <span class='ocrx_word' id='word_1_301' title='bbox 1407 4360 1521 4434; x_wconf 89' lang='grc' dir='ltr'><strong><em>εἰς</em></strong></span> <span class='ocrx_word' id='word_1_302' title='bbox 1567 4354 1805 4444; x_wconf 80' lang='lat' dir='ltr'><strong>(deest)</strong></span> <span class='ocrx_word' id='word_1_303' title='bbox 1851 4350 1927 4421; x_wconf 87' lang='grc' dir='ltr'><strong><em>τὸ</em></strong></span> <span class='ocrx_word' id='word_1_304' title='bbox 1973 4353 2256 4440; x_wconf 80' lang='grc' dir='ltr'><strong><em>στέρνον</em></strong></span> <span class='ocrx_word' id='word_1_305' title='bbox 2303 4352 2753 4441; x_wconf 73' lang='grc' dir='ltr'><strong><em>ἐνερεισθέντι</em></strong></span> <span class='ocrx_word' id='word_1_306' title='bbox 2794 4351 2883 4423; x_wconf 79' lang='grc' dir='ltr'><strong><em>κὲ.</em></strong></span> 
     </span>
     <span class='ocr_line' id='line_1_39' title="bbox 589 4460 2884 4550; baseline -0.002 -19"><span class='ocrx_word' id='word_1_307' title='bbox 589 4465 690 4531; x_wconf 89' lang='lat' dir='ltr'><strong><em>De</em></strong></span> <span class='ocrx_word' id='word_1_308' title='bbox 761 4486 830 4537; x_wconf 83' lang='lat' dir='ltr'><strong><em>rc</em></strong></span> <span class='ocrx_word' id='word_1_309' title='bbox 905 4466 1128 4531; x_wconf 81' lang='lat' dir='ltr'><strong>eadem</strong></span> <span class='ocrx_word' id='word_1_310' title='bbox 1184 4465 1355 4550; x_wconf 85' lang='lat' dir='ltr'><strong>apud</strong></span> <span class='ocrx_word' id='word_1_311' title='bbox 1429 4464 1707 4529; x_wconf 83' lang='lat' dir='ltr'><strong>eosdem·</strong></span> <span class='ocrx_word' id='word_1_312' title='bbox 1762 4463 1957 4529; x_wconf 81' lang='lat' dir='ltr'><strong>etiam</strong></span> <span class='ocrx_word' id='word_1_313' title='bbox 2029 4486 2091 4548; x_wconf 91' lang='lat' dir='ltr'><strong><em>p.</em></strong></span> <span class='ocrx_word' id='word_1_314' title='bbox 2148 4462 2273 4529; x_wconf 83' lang='lat'><strong><em>341</em></strong></span> <span class='ocrx_word' id='word_1_315' title='bbox 2308 4484 2359 4529; x_wconf 87' lang='lat' dir='ltr'><strong><em>c.</em></strong></span> <span class='ocrx_word' id='word_1_316' title='bbox 2450 4462 2633 4529; x_wconf 80' lang='lat' dir='ltr'><strong>Alex.</strong></span> <span class='ocrx_word' id='word_1_317' title='bbox 2698 4483 2753 4527; x_wconf 90' lang='lat' dir='ltr'><strong><em>c.</em></strong></span> <span class='ocrx_word' id='word_1_318' title='bbox 2799 4460 2884 4527; x_wconf 84' lang='lat'><strong><em>55</em></strong></span> 
     </span>
    </p>
   </div>
   <div class='ocr_carea' id='block_1_3' title="bbox 3168 4618 3175 5132">
    <p class='ocr_par' dir='ltr' id='par_1_10' title="bbox 3168 4618 3175 5132">
     <span class='ocr_line' id='line_1_40' title="bbox 3168 4618 3175 5132; baseline 0 0"><span class='ocrx_word' id='word_1_319' title='bbox 3168 4618 3175 5132; x_wconf 95' lang='lat' dir='ltr'><strong><em> </em></strong></span> 
     </span>
    </p>
   </div>
  </div>
 </body>
</html>
