3200 5175
1259 367 1688 432 ...17-

247 628 258 638 ⁸
327 546 606 611 maxime
680 567 829 611 cum
900 545 1124 610 eadem
1195 545 1536 610 annotatio
1611 543 1841 608 iisdem
1912 541 2046 607 fere
2108 542 2325 607 verbis
2388 543 2621 606 iterum

323 656 619 718 occurrat
671 676 731 737 p.
788 652 919 718 596
950 673 1012 716 e:
1077 639 1238 734 ἧκεν
1295 648 1579 716 ἐνθένδε
1634 644 1789 734 παρ’
1847 643 2039 734 ὑμῶν
2092 647 2403 733 ἐπιστολη
2460 643 2616 734 παρ’

316 752 585 846 Ἀρχίου
655 759 782 824 τοῦ
846 754 1252 844 ἱεροφάντου
1311 752 1477 844 πρὸς
1533 751 1801 843 Ἀρχίαν
1868 755 2129 822 ἐκεῖνον
2192 751 2357 822 ὄντα
2419 759 2623 840 φίλον

326 861 508 955 αὐτῷ
555 862 668 930 καὶ
715 862 927 943 ξένον.

509 1010 584 1019 -
646 973 759 1036 21;
827 973 1149 1056 δαίμονας
1217 968 1292 1036 δὲ
1362 973 1720 1057 χαίροντας
1779 967 2166 1056 ἀνθρώπων
2230 970 2456 1055 αἵματι
2511 969 2621 1036 καὶ

325 1077 515 1166 φόνῳ
553 1074 886 1144 πιστεύειν
921 1073 1046 1160 μὲν
1083 1082 1242 1154 ἴσως
1279 1074 1459 1142 ἐστὶν
1497 1072 1884 1162 ἀβέλτερον·
1924 1073 2143 1142 ὄντων
2182 1073 2256 1142 δὲ
2290 1072 2617 1143 τοιούτων

325 1179 688 1267 ἀμελητέον
724 1178 813 1260 ὥς
849 1178 1225 1250 ἀδυνάτων.
1289 1183 1661 1270 Madvigius
1699 1183 2036 1250 πιστεύειν
2075 1184 2404 1268 δαίμονας
2439 1206 2619 1271 grae—

319 1311 464 1354 cum
503 1311 644 1355 esse
678 1311 928 1376 negans
965 1313 1083 1376 pro
1123 1291 1346 1376 inepto
1377 1296 1565 1368 ἴσως
1591 1290 1809 1356 ἐστίν
1839 1291 2035 1356 scribi
2062 1290 2266 1356 iubet:
2314 1285 2403 1368 ὡς
2432 1293 2621 1357 εἰσίν.

322 1395 802 1462 ‘Rectissimum
850 1401 974 1483 est,
1021 1397 1259 1483 inquit,
1308 1398 1635 1483 δαίμονας
1677 1394 1967 1462 πιστεύω
2015 1390 2107 1474 ὡς
2150 1398 2324 1463 εἰσίν
2368 1421 2485 1484 pro
2531 1393 2623 1476 ὥς

325 1502 640 1588 δαίμονές
694 1502 914 1586 είσιν’,
967 1526 1088 1570 nec
1140 1526 1274 1570 non
1320 1505 1727 1570 rarissimum
1774 1504 2014 1569 oblitus
2062 1507 2163 1568 est
2210 1505 2468 1590 addere3
2522 1526 2621 1570 πι-

325 1606 586 1675 στεύειν
633 1611 808 1675 enim
856 1632 1001 1675 cum
1046 1610 1372 1676 infinitivo
1419 1612 1606 1697 iungi
1652 1613 1833 1676 solet.
1914 1609 2121 1676 Locus
2171 1613 2493 1697 quomodo
2534 1613 2622 1677 sit

323 1717 740 1802 corrigendus
801 1720 915 1782 aut
978 1717 1432 1803 intelligendus
1443 1769 1461 1803 ‚
1517 1739 1595 1783 ex
1660 1719 1863 1784 altero
1924 1718 2286 1802 simillimo,
2352 1722 2623 1803 apparet

323 1846 383 1907 p.
417 1825 538 1889 171
562 1825 632 1890 b:
673 1817 797 1890 οὐκ
827 1819 1106 1909 ἄμεινον
1135 1813 1262 1890 οὖν
1289 1814 1376 1909 ἦν
1405 1822 1735 1903 Γαλάταις
1762 1823 2043 1901 ἐκείνοις
2070 1823 2182 1890 καὶ
2211 1821 2518 1903 Σκύθαις
2542 1820 2619 1890 τὸ

317 1925 634 2015 παράπαν
689 1926 850 2016 μήτε
905 1933 1178 1998 ἔννοιαν
1240 1934 1415 2016 ἔχειν
1463 1932 1649 1998 θεῶν
1696 1928 1857 2018 μήτε
1904 1935 2282 2016 φαντασίαν
2333 1968 2409 1979 —-
2460 1931 2621 2017 μήτε

319 2037 655 2121 ἱστορίαν,
708 2031 751 2120 ἢ
810 2034 1057 2116 θεούς
1108 2033 1316 2104 εἶναι
1374 2041 1730 2124 νομίζειν
1784 2038 1899 2127 (=
1942 2034 2309 2125 πιστεύειν)
2353 2042 2621 2125 χαίρον-

317 2167 438 2222 τας
481 2139 869 2232 ἀνθρώπων
913 2143 1392 2230 σφαττομένων
1438 2146 1671 2232 αἵμασι
1716 2143 1806 2212 κὲ.
1878 2146 2102 2210 Etiam
2146 2150 2374 2212 noster
2418 2147 2621 2232 igitur

321 2252 502 2317 locus
550 2253 830 2318 intactus
876 2252 1367 2338 relinquendae,
1412 2257 1488 2318 ut
1534 2253 1955 2318 subaudiatur
2000 2246 2247 2336 εἶναι,
2295 2253 2617 2339 quomodo

318 2359 614 2425 Artaxer.
670 2361 738 2424 3:
802 2352 892 2444 ἢν
933 2355 1232 2444 Ἀθηνᾶν
1286 2355 1372 2424 ἄν
1416 2384 1518 2437 τις
1570 2356 1913 2426 εἰκάσειεν.
2004 2381 2069 2444 p.
2124 2359 2253 2426 588
2285 2360 2351 2426 d:
2411 2359 2619 2443 λόγον

319 2460 408 2530 ἄν
443 2489 544 2543 τις
580 2463 862 2532 εἰκάσειε
900 2467 1248 2550 δαίμονος;
1288 2471 1403 2532 aut
1439 2467 1895 2552 supplendum:
1935 2466 2261 2550 δαίμονας
2300 2460 2363 2530 δ’
2406 2461 2617 2532 εἶναι

321 2575 676 2659 χαίροντας
720 2571 810 2641 κὲ.
902 2573 999 2641 Of.
1048 2573 1243 2641 etiam
1289 2574 1471 2641 Brut.
1519 2575 1633 2641 37:
1696 2576 2048 2660 Δαίμονας
2094 2565 2158 2638 δ’
2212 2565 2354 2639 οὔτ’
2405 2567 2617 2640 εἶναι

316 2677 672 2747 πιθανόν
718 2675 861 2748 οὔτ’
915 2677 1115 2759 ὄντας
1161 2678 1546 2768 ἀνθρώπων
1591 2684 1769 2767 ἔχειν
1815 2676 1995 2759 εἶδος
2039 2673 2081 2764 ἢ
2129 2675 2372 2765 φωνὴν
2415 2679 2507 2747 κε’.

498 2825 581 2835 -
623 2790 734 2854 26:
783 2782 965 2874 ὁρῶν
1001 2784 1037 2853 ὁ
1068 2790 1449 2867 Πελοπίδας
1483 2785 1606 2855 τὸν
1640 2784 2186 2873 Ἐπαμεινώνδαν
2222 2782 2340 2864 τὰς
2376 2785 2450 2853 ἐν
2487 2791 2615 2853 Πε-

317 2890 716 2984 λοποννήσῳ
763 2892 1033 2981 πράξεις
1070 2896 1446 2980 διοικεῖν,
1491 2890 1694 2973 αὐτὸς
1730 2890 1971 2961 ἑαυτὸν
2010 2891 2296 2959 ἐπέδωκε
2330 2891 2421 2959 κὲ.
2495 2892 2615 2961 Co-

316 3000 448 3065 rais
505 3003 1050 3088 emendationem,
1099 3002 1598 3087 διοικοῦντα,
1657 3026 1851 3089 quam
1897 3001 2095 3067 etiam
2141 3002 2340 3066 codex
2385 3001 2613 3067 confir-

317 3108 554 3195 mavit,
624 3108 1013 3175 Sintenisius
1075 3107 1172 3196 (in
1227 3110 1376 3176 edit.
1419 3106 1693 3198 maiore)
1736 3107 2118 3174 mendosam
2165 3130 2304 3174 esse
2348 3108 2618 3177 iudicat:

319 3214 687 3302 ‘Perperam
734 3214 1014 3283 Coraes?
1105 3216 1488 3282 Rectissime
1535 3214 1775 3283 Coraes
1832 3215 2220 3301 emendavit3
2275 3236 2615 3301 perperam

318 3316 480 3387 Sint.
543 3322 887 3397 lectionem
942 3324 1264 3389 soloecam
1318 3323 1588 3388 retinuit
1640 3322 1863 3387 hiatus
1916 3321 2161 3387 scilicet
2215 3344 2438 3409 causa,
2502 3320 2616 3406 qui

317 3430 539 3492 tamen
603 3433 753 3495 ante
817 3450 1072 3495 comma
1135 3430 1354 3496 nullus
1419 3432 1536 3496 est.
1627 3429 1946 3495 Omnibus
2002 3429 2175 3492 enim
2228 3428 2388 3493 locis
2444 3422 2615 3510 ὁρᾶν

318 3556 465 3599 cum
510 3534 853 3619 participio
898 3536 1207 3623 iungitur.

501 3678 576 3689 —
646 3642 760 3707 29:
833 3639 1054 3731 κύκλῳ
1119 3640 1396 3729 περιϊὼν
1442 3637 2043 3730 (Ἐπαμεινώνδας)
2106 3642 2185 3729 τῇ
2230 3642 2615 3729 παρασκευῇ

318 3745 431 3812 καὶ
483 3748 562 3835 τῇ
619 3746 928 3835 μελλήσει
981 3748 1407 3830 κατεσκεύαζε
1462 3747 1575 3815 καὶ
1630 3749 2019 3817 συνέστελλε
2070 3744 2195 3815 τὸν
2249 3746 2615 3835 τύραννον,

323 3849 414 3931 ὥς
459 3852 620 3940 μήτε
666 3850 982 3923 ἀνεῖναι
1027 3853 1102 3924 τὸ
1153 3853 1450 3935 αὔθαδες
1495 3850 1706 3923 αὐτοῦ
1744 3855 1855 3922 καὶ
1891 3853 2414 3943 θρασυνόμενον
2450 3853 2616 3941 μήτε

317 3955 394 4026 τὸ
449 3957 691 4048 πικρὸν
737 3962 848 4029 καὶ
893 3965 1254 4051 θυμοειδές
1299 3964 1773 4050 ἐξερεθίσαι.
1863 3965 1990 4030 Pro
2038 3957 2387 4047 ἀνεῖναι,
2444 3964 2613 4049 quod

316 4068 598 4149 laoeomdi‚
641 4072 991 4138 remittendi
1023 4074 1358 4139 notionem
1394 4073 1594 4137 habet
1641 4072 1721 4138 cf.
1753 4072 1861 4137 19:
1908 4066 1981 4138 τὸ
2021 4067 2220 4156 φύσει
2255 4066 2616 4155 θυμοειδὲς

315 4169 543 4240 αὐτῶν
593 4214 669 4225 -
729 4173 1047 4245 ἀνιέναι
1104 4178 1216 4245 καὶ
1271 4174 1709 4265 ἀνυγραίνειν
1763 4174 2196 4263 βουλόμενοι,
2251 4178 2615 4243 contrariae

318 4284 678 4350 sententiae
716 4288 982 4352 verbum
1019 4287 1391 4373 requiritur3
1431 4286 1777 4352 manifesto
1820 4286 1996 4351 enim
2033 4306 2259 4350 sensus
2288 4288 2406 4370 est,
2439 4286 2614 4371 Epa-

314 4389 691 4458 minondam
728 4393 988 4479 tyranni
1027 4395 1502 4460 contumaciam
1540 4397 1607 4459 et
1642 4392 1947 4459 ferociam
1982 4413 2206 4477 moyere
2240 4393 2435 4479 nolle,
2479 4415 2614 4458 non

313 4498 641 4564 immittere
705 4497 987 4584 ἐνεῖναι,
1053 4501 1224 4587 quod
1290 4524 1329 4567 a
1382 4500 1717 4588 Madvigio
1774 4500 2184 4587 propositum
2237 4500 2432 4566 huius
2486 4500 2614 4565 loci

425 4612 670 4665 symbolae
698 4614 886 4657 criticae
913 4619 958 4658 ot
983 4617 1214 4667 palaeogr.
1241 4616 1292 4658 in
1318 4617 1439 4659 Plut.
2153 4611 2185 4661 2
