3200 5175
1295 315 1737 380 „21—

360 492 636 563 πόλεσιν
670 492 897 583 ἄρχων
937 532 1016 543 --
1058 489 1210 561 ὅστε
1245 489 1542 578 θεουδὴς
1577 487 1874 578 εὐδικίας
1899 487 2173 580 ἀνέχῃσι
2207 514 2321 543 -·
2358 492 2659 560 τουτέστι

358 605 532 671 θεοῦ
584 600 790 687 λόγον
845 604 1018 685 ἔχων
1073 600 1385 667 διάνοιαν
1436 637 1512 649 -
1572 639 1671 666 -.
1734 600 1977 688 νεμεσᾷ
2030 597 2159 690 γὰρ
2216 597 2251 669 ὁ
2312 596 2475 677 θεός
2518 611 2658 678 τοϊς

359 708 930 797 ἀπομιμουμένοις
973 704 1261 795 βροντὰς
1305 706 1417 773 καὶ
1460 704 1832 794 κεραυνούς
1874 727 1981 755 -·
2025 706 2185 788 τοὺς
2231 705 2306 774 δὲ
2346 704 2471 794 τὴν
2509 701 2656 793 ἀρε-

359 815 482 903 τὴν
532 817 893 901 ζηλοῦντας
947 810 1159 881 αὐτοῦ
1205 852 1282 863 --
1336 810 1519 893 αῦξει
1573 812 1684 879 καὶ
1731 816 2217 900 μεταδίδωσι
2279 817 2416 901 τῆς
2477 812 2657 901 περὶ

361 919 606 991 αὐτὸν
671 918 1045 1007 εὐνομίας
1100 919 1230 987 καὶ
1287 923 1511 1008 δίκης
1565 941 1677 968 —-·
1752 910 1851 987 ὧν
1906 920 2327 1011 θειότερον
2384 917 2466 989 οὐ
2520 922 2655 1009 πῦρ

362 1030 543 1097 ἐστιν
590 1024 672 1097 οὐ
717 1030 860 1115 φῶς
910 1067 984 1077 -
1039 1026 1122 1095 οὐ
1165 1025 1239 1095 τὸ
1291 1023 1516 1094 ἀΐδιον
1561 1025 1674 1093 καὶ
1717 1022 2085 1095 ἀθάνατον.
2178 1031 2463 1095 Similem
2510 1051 2651 1095 sen-

358 1139 632 1203 tentiam
703 1137 1015 1221 expressit
1073 1159 1134 1220 p.
1199 1136 1327 1201 351
1372 1136 1412 1200 d
1469 1157 1609 1220 sqq.
1673 1135 1751 1202 cf.
1807 1160 1869 1221 p.
1929 1136 2062 1203 450
2089 1137 2134 1203 f.
2190 1136 2320 1203 550
2348 1159 2401 1201 e.
2464 1135 2650 1201 Alex.

357 1246 441 1309 27
491 1266 540 1309 s·
587 1243 640 1308 f:
704 1239 779 1310 τὸ
837 1238 964 1331 γὰρ
1011 1238 1220 1330 ἄρχον
1272 1241 1347 1308 ἐν
1401 1238 1653 1331 ἑκάστῳ
1707 1239 1819 1307 καὶ
1874 1244 2167 1330 κρατοῦν
2210 1238 2446 1309 θεῖόν
2493 1242 2649 1308 ἐστι.

355 1350 642 1419 Demetr.
689 1353 778 1417 42
827 1374 877 1417 s.
920 1351 967 1417 f.
1543 1348 1548 1351 ’

539 1514 614 1525 —-
666 1477 771 1541 23.
831 1470 922 1553 ὥς
973 1472 1102 1560 γὰρ
1157 1471 1458 1560 ἥσθοντο
1506 1472 1639 1541 διὰ
1683 1476 1775 1565 τῷ
1821 1473 2145 1561 μεγέθει
2192 1475 2322 1558 (vel
2367 1472 2649 1561 μεγέθη)

353 1584 471 1668 τῆς
515 1582 816 1663 ἐξουσίας
862 1581 1476 1668 διαφθειρομένους
1521 1577 1747 1649 αὐτῶν
1789 1578 1951 1659 τοὺς
1986 1576 2334 1668 ἄρχοντας,
2378 1575 2651 1664 ἀφῆκαν

358 1728 442 1738 -
489 1686 613 1774 τὴν
659 1685 1044 1775 ἡγεμονίαν.
1117 1688 1220 1755 Ita
1265 1690 1446 1755 codd.
1493 1688 1863 1774 Stephanus
1911 1690 2119 1755 deleto
2153 1684 2300 1763 ,διά
2348 1687 2524 1753 dedit
2559 1688 2651 1777 τῷ

354 1796 641 1882 μεγέθει.
733 1795 1123 1861 Sintenisius
1185 1797 1340 1863 olim
1399 1797 1773 1863 dubitanter
1828 1798 2189 1863 coniecerat
2231 1790 2361 1881 ἤδη
2406 1796 2496 1883 τῷ
2545 1818 2653 1879 με-

353 1901 571 1989 γέθει,
636 1906 866 1988 postea
925 1904 1164 1969 rationi
1223 1902 1537 1989 Stephani
1597 1904 1885 1969 accessit.
1979 1901 2103 1968 Sed
2166 1903 2335 1967 unde
2391 1897 2504 1966 διά
2564 1901 2651 1966 ir-

360 2047 638 2131 repsisse
694 2048 1042 2133 putemus}>
1125 2045 1547 2113 Scribendum
1601 2046 1883 2111 videtur:
1946 2020 2125 2112 ΛῙΑΝ
2184 2042 2299 2129 (--
2354 2026 2507 2129 ΛΙᾸ)
2562 2043 2652 2131 τῷ

356 2151 624 2237 μεγέθει
672 2191 753 2201 -
804 2152 1433 2240 διαφθειρομένους.
1752 2237 1759 2243 ¹

536 2274 828 2343 Catonis
866 2274 1168 2343 maioris
1197 2277 1334 2347 212⁴
1357 2276 1451 2353 είς
1497 2268 1560 2339 δ’
1601 2246 1869 2359 ἀσφαλῆ
1907 2271 2258 2362 πράγματα
2286 2311 2370 2322 -
2398 2297 2653 2340 κατατι-

354 2382 639 2469 θέμενος
692 2377 809 2459 τὰς
863 2376 1172 2469 ἀφορμὰς
1225 2380 1451 2447 ἐκτᾶτο
1507 2382 1779 2466 λίμνας,
1837 2376 2050 2446 ὕδατα
2095 2377 2348 2467 θερμά,
2406 2376 2653 2456 τόπους

351 2484 778 2575 ἀνειμένους,
834 2487 1314 2575 ἐργατησίαν
1368 2484 1625 2573 χώραν,
1694 2490 1981 2572 ἔχουσαν
2026 2482 2388 2572 αὐτοφυεῖς
2440 2481 2653 2571 νομὰς

352 2597 465 2665 καὶ
518 2594 702 2676 ῦλας.
793 2596 980 2674 Quod
1033 2620 1152 2682 pro
1201 2595 1684 2682 ἐργατησίαν
1731 2595 1970 2663 Goraes
2018 2597 2404 2662 coniecerat:
2461 2591 2651 2682 ἐργά-

350 2731 496 2784 ταις
559 2707 843 2788 οίκείαν,
909 2705 1079 2789 quod
1134 2703 1530 2788 Madvigius:
1596 2704 1692 2780 εἰς
1746 2700 2177 2791 ἐργαστήρια,
2240 2699 2467 2788 χώραν
2534 2704 2647 2785 ἔχ.,

355 2813 524 2897 quod
565 2831 714 2898 ego:
763 2810 1247 2897 ἐξαργηθεῖσαν
1284 2806 1534 2896 χώραν,
1571 2812 1859 2895 ἔχουσαν
1898 2803 1961 2874 δ’
2005 2804 2265 2894 αῦτοφ.,
2311 2831 2389 2874 ea
2426 2808 2649 2873 omnia

351 2919 544 2984 nihili
609 2921 778 2983 sunt.
879 2915 1120 2982 Veram
1183 2917 1527 2982 lectionem
1581 2916 1753 2982 idem
1809 2918 2008 2983 codex
2063 2917 2345 3001 optimus
2403 2913 2648 2980 Seiten-

352 3027 683 3092 stettensis
719 3025 1010 3110 praebet,
1051 3047 1266 3109 quam,
1310 3023 1639 3090 Friderico
1679 3022 1931 3090 Blassio
1970 3027 2295 3108 monente,
2333 3021 2648 3087 ambabus

347 3133 651 3198 manibus
700 3131 1070 3216 amplector.
1152 3130 1278 3196 Est
1321 3131 1508 3197 haec:
1557 3133 1742 3216 ἔργα
1788 3133 2065 3197 πίσσια
2112 3127 2178 3217 (i.
2227 3151 2279 3194 e.
2324 3144 2645 3216 πισσουρ-

349 3251 518 3324 γεῖα,
568 3236 893 3325 picarias),
939 3234 1166 3324 χώραν
1211 3240 1500 3322 ἔχουσαν
1543 3235 1635 3303 κὲ.

525 3360 801 3442 Pyrrhi
852 3362 961 3427 17:
1023 3357 1364 3449 κράτιστοι
1412 3358 1487 3427 δὲ
1532 3349 1706 3446 ἦσαν
1756 3349 1965 3427 οὗτοι·
2020 3359 2133 3426 καὶ
2175 3362 2313 3426 των
2350 3362 2570 3444 φίλων
2608 3354 2644 3425 ὁ

349 3465 626 3555 Πύρρος
658 3465 768 3533 καὶ
803 3467 940 3533 τῶν
978 3468 1365 3553 στρατηγῶν
1407 3460 1508 3544 οἷς
1542 3463 1826 3553 μάλιστα
1865 3464 2208 3555 χρεόμενος
2235 3465 2509 3532 διετέλει
2536 3463 2648 3531 καὶ

350 3570 682 3640 πιστεύων
709 3568 1057 3656 ἀπέβαλεν.
1114 3573 1502 3640 Sintenisius
1534 3577 1988 3639 annotaverat:
2028 3568 2087 3640 ‘5
2110 3572 2385 3660 Πύρρος
2410 3597 2471 3639 v.
2499 3577 2649 3658 post

353 3674 454 3758 οἷς
496 3679 730 3768 posita,
766 3680 837 3744 in
872 3679 934 3745 A
978 3683 1131 3766 post
1167 3675 1498 3745 πιστεύων
1537 3680 1611 3744 in
1650 3675 1773 3745 OD
1812 3681 2055 3746 omissa
2088 3680 2463 3766 transposui
2500 3703 2646 3746 cum

352 3786 553 3874 SgP.'
617 3787 657 3851 i.
723 3808 774 3851 e.
841 3808 920 3852 ex
983 3787 1278 3873 margine
1341 3786 1757 3872 irrepserunt.
1849 3786 2271 3854 Scribendum
2325 3788 2528 3874 igitur
2582 3792 2648 3852 et

351 3895 877 3980 distinguendum
938 3895 1057 3960 sic:
1121 3892 1233 3960 καὶ
1278 3894 1414 3959 τῶν
1461 3896 1684 3978 φίλων
1726 3892 1838 3959 καὶ
1884 3895 2019 3960 τῶν
2067 3894 2490 3978 στρατηγῶν,
2547 3884 2648 3970 οἷς

357 4039 435 4050 -
484 3997 847 4083 πιστεύων,
893 3996 1078 4085 ἀπέβ.
1136 4003 1278 4068 coll.
1336 4000 1553 4066 Solon.
1606 4000 1706 4067 15.
1750 4023 1811 4085 p.
1862 4003 1945 4067 76
1975 4002 2037 4086 b,
2084 4002 2196 4087 qui
2241 4002 2367 4066 loci
2414 4001 2648 4066 docent

348 4107 761 4193 participium
799 4104 1136 4193 χριόμενος
1174 4129 1320 4174 cum
1358 4103 1707 4174 πιστεύων,
1731 4108 2129 4193 iungendum
2168 4129 2325 4172 esse.
2391 4104 2647 4172 Glarior

350 4218 522 4281 esset
567 4215 776 4280 oratio
822 4214 917 4280 ita
962 4216 1347 4298 composita:
1393 4213 1504 4279 καὶ
1549 4211 1677 4299 γὰρ
1722 4215 1861 4279 τῶν
1906 4215 2127 4297 φίλων
2170 4211 2261 4278 κὲ.

527 4375 612 4386 --
661 4338 774 4405 26:
821 4331 914 4403 δι’
966 4339 1178 4425 ἔρωτα
1221 4337 1360 4402 τῶν
1405 4331 1723 4403 ἀπόντων
1771 4330 1978 4402 οὐδὲν
2020 4338 2115 4413 εἰς
2160 4331 2199 4402 ὅ
2246 4338 2354 4402 δεῖ
2388 4335 2644 4405 θέσθαι

347 4447 484 4512 τῶν
526 4439 967 4534 ὑπαρχόντων
1023 4440 1256 4523 σώσας.
1341 4443 1447 4510 Ad
1500 4445 1715 4511 locum
1769 4443 2149 4529 impeditum
2187 4443 2428 4514 Goraes
2483 4447 2645 4514 haec
