3200 5175
1265 324 1697 389 ...61-

341 502 837 587 δεισιδαιμονία
914 498 1027 567 καὶ
1069 501 1211 590 θεῷ
1283 496 1360 567 τὸ
1423 495 1515 586 μὴ
1569 507 1817 567 παθεῖν
1870 499 2230 585 ἐκπέφευγε
2272 495 2631 590 ἀφυλάκτῳ

334 608 734 694 προσδοκᾶν
759 602 928 694 αὐτῇ
965 610 1297 691 πεποίηκε.
1369 607 1705 691 Wyttenb.
1744 610 2040 674 annotat:
2090 607 2272 673 ‘haec
2308 610 2409 672 est
2435 608 2629 673 lectio

336 711 485 779 Ald.
529 713 680 779 Bas.
735 713 873 799 Xyl.
921 702 1144 798 Steph.
1193 735 1467 800 quacum
1522 713 1655 779 fere
1710 736 1933 780 omnes
1987 714 2199 779 nostri
2253 714 2433 779 codd.
2478 736 2631 780 con-

340 821 655 905 sentiuntj
696 828 961 905 excepto
1006 818 1086 885 D.
1157 818 1387 886 Venet.
1428 820 1565 886 cod.
1611 820 1950 906 Xylandri‚
1994 819 2131 886 Pol.
2178 819 2436 887 Iannot.
2482 841 2631 904 pro-

339 925 578 992 fectam
621 925 802 991 illam
848 948 888 991 a
931 926 1198 992 librario
1247 926 1355 1011 qui
1414 927 1748 1013 vulgatam
1802 931 2173 1012 corruptam
2229 948 2350 992 nec
2396 927 2631 991 intelli-

342 1035 522 1117 geret
575 1054 695 1098 nec
756 1032 942 1098 facile
1007 1033 1324 1119 corrigere
1377 1035 1604 1117 posset
1649 1070 1733 1079 --
1786 1071 1863 1081 —
1915 1037 2013 1099 est
2078 1036 2294 1099 autem
2356 1032 2487 1098 ista
2548 1032 2629 1118 τῇ

339 1140 606 1225 περιττῇ
649 1134 815 1225 πρὸς
858 1133 1038 1205 ᾶπαν
1081 1134 1156 1205 τὸ
1195 1134 1426 1205 δεινὸν
1471 1139 1725 1204 δοκοῦν
1761 1128 2071 1227 εαῗνλαβείαΙ
2115 1135 2443 1205 λανθάνει
2482 1136 2631 1222 ἑαυ-

338 1240 466 1329 τὴν
509 1240 984 1329 ὑποβάλλουσα
1026 1247 1374 1323 παντοίοις
1419 1248 1685 1322 δεινοῖς.
1768 1245 1861 1312 At
1914 1247 2055 1311 sola
2099 1245 2436 1312 retinenda
2494 1246 2631 1311 vul·

336 1355 494 1437 gata
537 1352 632 1418 ita
677 1352 934 1437 quidem
980 1353 1349 1420 emendata:
1405 1351 1516 1419 καὶ
1563 1346 1602 1420 ὃ
1649 1353 1740 1442 τῷ
1796 1348 1901 1438 μὴ
1940 1359 2191 1419 παθεῖν
2248 1350 2631 1435 ἐκπέφευγε,

335 1451 724 1541 ἀφύλακτον
769 1459 861 1548 τῷ
919 1460 1306 1544 προσδοκᾶν
1373 1454 1541 1546 αὐτῇ
1595 1462 1954 1545 πεποίηκεν
2008 1464 2082 1525 ut
2139 1462 2205 1525 et
2256 1459 2511 1524 monuit
2566 1461 2633 1524 et

336 1563 618 1630 reddidit
660 1565 831 1631 idem
875 1565 1252 1650 Xylander?
1334 1565 1587 1651 Mosqu.
1640 1568 1695 1631 1.
1739 1568 1810 1632 2:
1855 1566 1944 1655 τῷ
1983 1562 2072 1651 μὴ
2114 1571 2379 1631 παθεῖν.
2450 1563 2630 1629 Reis-

336 1670 485 1736 kius
533 1672 830 1738 coniecit:
875 1665 1005 1737 κᾶν
1037 1668 1235 1756 θεόν,
1270 1668 1344 1738 τὸ
1393 1668 1481 1758 μὴ
1517 1672 1771 1739 παθεῖν
1807 1670 2209 1758 ἐκπέφευγεν
2244 1666 2632 1755 ἀφύλακτον

345 1778 436 1867 τῷ
488 1779 873 1863 προσδοκᾶν
939 1772 1107 1864 αὐτὴ
1165 1777 1366 1865 ἑαυτῇ
1421 1782 1797 1865 πεποίηκεν.
1871 1779 2276 1847 Matthaeus:
2330 1775 2441 1845 καὶ
2498 1774 2634 1841 δέει

335 1885 460 1950 τοῦ
503 1882 592 1970 μὴ
647 1890 926 1969 παθεῖν,
971 1880 1016 1951 ἀ
1061 1884 1421 1971 πέφευγεν,
1469 1880 1818 1971 ἀφύλακτα
1862 1887 2247 1972 προσδοκᾶν
2292 1880 2462 1972 αὐτῇ
2525 1905 2633 1950 πε·-

339 1993 589 2075 ποίηκε.
654 1990 723 2058 Ο.
760 1991 1097 2057 Hermann
1136 1989 1348 2080 (Spec.
1384 1998 1728 2060 comment.
1775 1995 1915 2060 crit.
1959 2018 2021 2079 p.
2058 1991 2203 2081 37):
2248 1994 2311 2059 εί
2352 1989 2464 2057 καὶ
2508 1996 2634 2055 θα-

336 2092 515 2186 νάτφ
569 2092 644 2162 τὸ
700 2092 791 2182 μὴ
849 2104 1098 2164 παθεῖν
1155 2096 1588 2184 ἐκπέφευγεν,
1654 2094 2040 2185 ἀφύλακτον
2105 2095 2182 2165 τὸ
2246 2097 2634 2185 προσδοκᾶν

339 2198 506 2291 αὐτῇ
577 2206 910 2288 πεποίηκε.
1002 2202 1412 2271 Duebnerus:
1486 2204 1598 2271 καὶ
1665 2200 1702 2271 ὃ
1766 2207 1855 2294 τῷ
1921 2202 2011 2292 μὴ
2086 2212 2333 2272 παθεῖν
2409 2203 2635 2289 ἐκπέφ.

338 2306 693 2396 ἄφυκτον
726 2311 818 2399 τῷ
858 2311 1249 2396 προσδοκᾶν
1284 2307 1452 2398 αὐτῇ
1489 2331 1637 2377 πεπ.
1709 2311 2079 2377 Hercherus
2115 2313 2294 2377 illam
2333 2307 2635 2377 διασκεύ-

342 2434 500 2483 ασιν
544 2419 645 2484 vel
689 2418 910 2503 potius
958 2414 1270 2504 ἐξήγησιν
1305 2420 1555 2485 librarii
1600 2442 1939 2505 perperam
1976 2420 2238 2505 recepit.
2319 2417 2637 2501 Xylandri

337 2525 648 2592 correctio
713 2525 940 2592 melior
1003 2529 1127 2613 est,
1201 2526 1439 2614 quippe
1505 2549 1671 2613 quae
1738 2527 1955 2593 sensui
2017 2527 2227 2612 magis
2296 2526 2638 2612 congruat3

343 2632 457 2699 sed
507 2655 586 2698 ea
628 2654 881 2719 quoque
929 2657 968 2699 a
1005 2635 1183 2701 codd.
1229 2636 1504 2702 lectione
1548 2657 1683 2701 non
1721 2636 1935 2701 minus
1971 2633 2257 2700 discedit.
2300 2671 2377 2681 —
2426 2631 2637 2698 Locus

341 2760 477 2804 non
521 2741 623 2805 est
667 2739 950 2806 difficilis
997 2741 1081 2806 ad
1126 2743 1603 2830 corrigendum,
1655 2742 1848 2808 modo
1895 2746 1969 2808 ut
2009 2741 2376 2807 memineris
2411 2739 2636 2805 literas

341 2845 404 2930 C,
451 2847 526 2926 Θ,
572 2848 633 2926 Ε,
681 2846 734 2911 O
779 2846 847 2910 in
894 2849 1348 2934 manuscriptis
1396 2851 1775 2934 saepissime
1828 2849 2203 2935 permutari.
2284 2845 2497 2931 Caput
2541 2845 2639 2911 rei

344 2973 446 3036 est
497 2971 570 3036 in
629 2955 882 3039 KMOEJ
929 2970 972 3035 i.
1017 2993 1069 3039 e.
1113 2973 1366 3053 κακῶν,
1421 2973 1595 3059 quod
1649 2973 1953 3040 librarius
2005 2995 2124 3057 pro
2184 2956 2449 3040 Kale—(I)
2494 2970 2538 3036 i.
2584 2992 2639 3036 e.

339 3075 452 3142 καὶ
508 3077 650 3167 θεῷ
707 3079 970 3163 accepit.
1060 3075 1267 3145 Simil.
1330 3102 1391 3165 p.
1443 3081 1570 3146 170
1598 3103 1634 3145 e
1679 3102 1904 3146 omnes
1954 3080 2132 3146 codd.
2141 3131 2160 3166 ‚
2214 3079 2292 3145 G.
2352 3080 2638 3163 excepte,

343 3184 660 3270 praebent
714 3180 1002 3262 θύοντες
1059 3207 1178 3270 pro
1233 3189 1524 3264 σείοντες
1582 3187 1756 3272 quod
1812 3188 1969 3253 olim
2034 3187 2457 3254 substitutum
2521 3187 2639 3250 est.

341 3289 760 3375 Scribendum
806 3291 1032 3377 igitur:
1090 3286 1301 3370 οὕτως
1353 3287 1396 3378 ἡ
1443 3294 1874 3378 κακοδαίμων
1920 3293 2452 3376 δεισιδαιμονίΑ,
2491 3291 2637 3372 [Ἃ]

341 3398 598 3482 κακῶν
654 3398 744 3487 τῷ
790 3394 880 3483 μὴ
928 3404 1178 3464 παθεῖν
1224 3396 1651 3485 ἐκπέφευγεν,
1698 3394 2046 3485 ἀφύλακτα
2096 3398 2189 3487 τῷ
2253 3397 2639 3482 προσδοκᾶν

342 3498 510 3590 αὑτῇ
555 3506 937 3589 πεποίηκεν,
983 3506 1024 3570 i.
1062 3527 1114 3570 e.
1158 3499 1201 3569 ἃ
1245 3506 1472 3570 κακῶν
1517 3501 1630 3570 διὰ
1674 3501 1769 3571 vo*
1798 3502 1877 3591 m*
1936 3511 2205 3587 παθεῖν,
2253 3498 2477 3588 ἐπειδὴ
2515 3497 2639 3569 οὐκ

344 3613 629 3694 ἔπαθεν,
687 3607 908 3694 ἐκπέφ.
962 3608 1050 3676 κε’.
1117 3633 1282 3696 quae
1338 3613 1511 3677 mala
1564 3634 1701 3678 non
1757 3612 2061 3697 patiendo
2118 3612 2364 3698 effugit,
2419 3633 2638 3697 exspe-

347 3718 581 3784 ctando
629 3716 754 3783 sibi
801 3717 1028 3802 effecit,
1073 3717 1350 3783 reddidit
1394 3741 1487 3805 ea,
1532 3741 1697 3804 quae
1744 3740 1967 3785 cavere
2012 3742 2147 3785 non
2190 3721 2429 3805 posset.

523 3822 870 3892 Laconica
923 3824 1524 3910 apophthegmata
1591 3828 1675 3892 76
1740 3824 1832 3915 (p.
1887 3827 2020 3892 214
2056 3827 2153 3915 e):
2213 3824 2418 3904 ἔδειξε
2468 3824 2641 3909 γοῦν

347 3924 576 4006 αὐτοῖς
630 3928 874 4016 μεταξὺ
928 3926 1020 4010 ὥς
1075 3929 1150 3999 τὸ
1205 3938 1558 4019 μεγαλεῖον
1623 3931 1735 3999 καὶ
1800 3928 2157 4018 ἀξιόλογον
2214 3925 2474 4015 οἰήσει
2527 3928 2639 3995 καὶ

344 4029 624 4125 ἀνδρείᾳ
669 4037 956 4104 κτᾶσθαι
991 4036 1327 4125 προσήκει.
1399 4040 1609 4125 Wytt.
1645 4064 1765 4127 pro
1804 4036 2022 4124 οἰήσει
2060 4038 2253 4106 scribi
2299 4036 2440 4103 vult
2475 4059 2639 4121 φρο-

344 4139 557 4229 νήσει,
603 4144 776 4230 quod
821 4147 1144 4212 sententia
1188 4147 1476 4232 requirit.
1559 4147 1835 4232 Propius
1880 4151 2101 4214 tamen
2138 4149 2239 4211 est
2283 4142 2569 4210 συνέσει.

521 4251 593 4316 Ρ.
658 4250 791 4316 224
829 4273 891 4316 e:
963 4253 1036 4318 τί
1101 4241 1258 4334 οὖν,
1332 4241 1404 4321 ὦ,
1458 4246 1732 4336 ἀνόητε,
1816 4247 2028 4335 εἶπεν,
2111 4247 2197 4317 οὐ
2268 4246 2397 4334 τὴν
2465 4253 2640 4336 ταχί-

347 4375 510 4443 στήν
557 4352 1012 4442 ἀποθνήσκεις
1056 4357 1170 4424 ἵνα
1215 4351 1633 4445 ἀναπαύσῃ
1679 4360 2208 4443 κακοδαιμονίαν
2253 4381 2323 4424 τε
2378 4356 2491 4423 καὶ
2535 4379 2641 4424 πε-

346 4467 506 4536 νίαν
542 4467 825 4552 κλαίων;
871 4464 1080 4551 Wytt.
1127 4464 1395 4552 corrigit
1437 4460 1681 4554 παύσῃ.
1766 4463 1891 4532 Sed
1936 4466 2103 4532 unde
2138 4459 2296 4531 ἀνα·
2333 4465 2639 4554 irrepsit?
