3200 5175
1493 356 1576 366 --
1676 320 1833 385 104>
1895 356 1977 367 —-

585 496 920 586 παρέσχον
971 493 1102 564 ὑπὸ
1158 494 1464 583 πλήθους
1509 494 1891 584 θερμότητα
1945 496 2055 563 καὶ
2111 495 2418 583 πύρωσιν
2463 501 2560 587 τῷ
2612 493 2887 583 σώματι,

586 607 717 672 νῦν
756 599 818 672 δ’
855 604 1250 671 ἐκπεσοῦσαι
1287 602 1755 682 κατέψυξαν.
1817 602 1911 670 Of.
1942 606 2139 670 etiam
2168 607 2475 689 proxima.
2527 602 2769 671 Cetera
2794 606 2891 669 in-

585 716 777 779 eerta.
855 710 1161 778 Fortasse
1209 709 1661 795 supplendum:
1712 705 1822 774 διὰ
1859 708 1982 775 τὸν
2019 706 2251 795 ὅγκΟΝ
2294 710 2601 795 [μέτριον
2639 710 2891 793 ὈΝ]τα

587 814 738 886 οὔτε
783 821 1090 904 γίνεται
1137 816 1331 897 ψύξις
1374 808 1416 901 ἢ
1462 812 1821 901 μετάθεσις
1863 821 1998 882 κτλ.
2047 854 2125 864 -
2178 816 2364 894 Quod
2408 817 2890 884 Herwerdenus

585 926 865 993 correxit
909 920 1402 1007 κατεστώσης
1449 922 1516 1009 (l.
1563 920 2017 1009 καθεστώσης)
2065 946 2185 1009 pro
2232 920 2671 1009 παρεστώσης
2716 926 2891 991 locus

589 1059 652 1120 p.
681 1034 812 1100 686
833 1034 874 1098 b
912 1032 1271 1117 redarguit:
1311 1026 1630 1116 εὐκρασία
1668 1024 1973 1115 σώματος
2008 1024 2421 1113 ἀβαπτίστου
2447 1030 2561 1096 καὶ
2594 1031 2893 1116 ἐλαφροῦ

585 1136 696 1205 καὶ
749 1138 1246 1225 παρεστῶτος
1301 1135 1406 1202 ἐπὶ
1460 1138 1683 1202 πᾶσαν
1741 1135 2099 1221 ἐνέργειαν.
2190 1136 2437 1205 Nostro
2492 1138 2707 1225 igitur
2752 1139 2891 1203 loco

587 1242 1014 1331 παρεστώσης
1059 1244 1229 1312 idem
1275 1246 1450 1310 valet
1495 1266 1570 1309 ae
1615 1260 1877 1329 παρεστ.
1925 1241 2032 1309 έπὶ
2077 1245 2298 1309 πᾶσαν
2344 1244 2719 1332 ἐνέργειαν.

763 1352 904 1417 Lib.
939 1352 1054 1437 IV,
1098 1373 1379 1438 prooem.
1428 1374 1477 1416 s.
1520 1351 1564 1416 f.
1612 1348 1702 1437 (p.
1742 1350 1973 1435 660e):
2018 1350 2129 1416 καὶ
2175 1362 2357 1416 ποιεῖ
2399 1352 2480 1437 τῇ
2538 1346 2775 1417 ἀνέσει
2820 1346 2894 1416 τὸ

591 1454 826 1543 ἱλαρὸν
899 1456 1010 1524 καὶ
1083 1454 1577 1542 φιλάνθρωπον
1650 1455 2135 1542 ἐγκέραστον
2204 1456 2315 1523 καὶ
2386 1456 2897 1543 κεχαρισμένον.

591 1564 1060 1651 Corrigendum
1106 1568 1291 1651 puto:
1340 1558 1853 1649 εὐκέραστον,
1900 1566 1973 1627 ut
2014 1584 2075 1648 p.
2124 1564 2255 1629 922
2284 1564 2341 1630 d.

771 1680 846 1720 —‘—
879 1671 930 1756 I,
972 1673 1005 1736 1
1036 1671 1122 1757 (p.
1152 1670 1380 1756 660f):
1427 1665 1548 1736 τόν
1587 1665 1661 1734 δὲ
1698 1664 2026 1756 ἡμέτερον
2064 1664 2526 1756 ἀντιστρόφως
2562 1673 2657 1762 τῷ
2693 1668 2895 1756 Ἀχιλ-

587 1785 692 1845 λεῖ
731 1778 998 1863 τρέφων
1046 1773 1081 1843 ὁ
1129 1781 1394 1861 Χείρων
1442 1764 1639 1854 οὗτος
1678 1813 1755 1824 —-
1810 1770 1933 1843 οὐκ
1978 1772 2226 1863 ἄκραν
2264 1773 2708 1857 ἀπόδειξιν
2742 1780 2895 1863 ἔχει

589 1884 662 1951 έν
703 1880 849 1969 ἀέρι
886 1883 997 1949 καὶ
1037 1879 1258 1971 δρόσῳ
1296 1881 1655 1967 λέγουσι,
1692 1879 1996 1968 καθάπερ
2038 1885 2107 1949 οἱ
2128 1884 2431 1969 τέττιγες,
2470 1881 2893 1969 σιτούμενον.

589 1990 834 2059 Locum
893 1995 1270 2075 corruptum
1325 1992 1421 2056 ita
1473 1988 1920 2075 refingendum
1974 1994 2165 2076 putat
2220 1988 2439 2075 Wytt:
2506 1987 2595 2057 οὐ
2650 1986 2893 2076 μικρὰν

591 2094 941 2175 ἀπόδειξιν
987 2095 1115 2175 ἕξει
1161 2108 1300 2173 τοῖς
1345 2092 1492 2182 ἀέρι
1537 2094 1647 2162 καὶ
1696 2093 1921 2185 δρόσῳ
1970 2092 2177 2164 αὐτὸν
2224 2097 2529 2181 λέγουσι,
2586 2094 2891 2180 καθάπερ

595 2206 666 2271 oc
697 2204 1001 2288 τέττιγες,
1041 2199 1459 2288 σιτούμενον.
1523 2202 1920 2289 Madvigius:
1960 2198 2083 2268 οὐκ
2121 2205 2214 2280 εἰς
2250 2200 2515 2289 μακρὰν
2552 2199 2890 2282 ἀποδείξει

591 2307 737 2398 ἀέρι
781 2309 894 2376 καὶ
943 2305 1166 2399 δρόσῳ
1203 2314 1337 2376 κτλ.
1413 2308 1597 2375 Nihil
1634 2310 2028 2375 desiderabis
2069 2310 2431 2375 scribendo:
2480 2304 2609 2376 οὐκ
2648 2312 2745 2387 εἰς
2780 2334 2890 2394 μα·

589 2415 761 2505 κράν
816 2411 902 2484 ἂν
961 2412 1370 2496 ἀποδείξειεν
1415 2412 1562 2504 ἀέρι
1583 2452 1588 2457 ·
1608 2414 1718 2481 καὶ
1768 2413 2015 2507 δρόσῳ,
2065 2414 2371 2503 καθάπερ
2417 2416 2695 2501 λέγουσι
2741 2410 2893 2492 τοὺς

590 2524 882 2611 τέττιγας
921 2524 1054 2614 (vel
1078 2521 1384 2609 καθάπερ
1426 2524 1498 2590 oc
1525 2522 1809 2607 τέττιγες
1845 2522 2153 2608 λέγονται
2192 2524 2271 2590 cf.
2300 2547 2362 2610 p.
2390 2526 2521 2590 416
2542 2525 2586 2592 f.
2624 2524 2795 2591 1058
2809 2518 2892 2609 a),

527 2685 539 2692 .
595 2617 1012 2719 σιτούμενον.

776 2777 850 2786 -
901 2738 953 2824 Ι,
999 2740 1039 2805 3
1089 2736 1178 2824 (Ρ.
1226 2738 1354 2805 663
1385 2735 1481 2825 a):
1528 2733 1639 2802 καὶ
1684 2731 1815 2824 γὰρ
1860 2735 2070 2815 πόνος
2113 2735 2225 2804 καὶ
2272 2734 2613 2824 γυμνάσια
2660 2737 2773 2804 καὶ
2816 2731 2886 2802 τὸ

596 2848 944 2932 διαιρεῖν
1007 2841 1132 2930 τὴν
1193 2840 1458 2932 τροφὴν
1517 2839 1814 2910 εὔπεπτα
1863 2844 1985 2929 μέν
2045 2843 2255 2928 ἐστιν,
2320 2839 2442 2929 οὐχ
2496 2841 2769 2930 ἁρμόζει
2816 2837 2887 2908 δὲ

591 2964 732 3030 τοῖς
793 2951 1211 3038 πυρέττουσι.
1302 2951 1671 3038 Madvigius
1733 2952 2008 3018 coniecit
2066 2951 2203 3037 ‘aut
2260 2951 2545 3036 διαβρέ
2552 2975 2728 3036 χειν
2771 2946 2891 3034 τὴν

592 3054 854 3145 τροφήν
919 3057 1122 3147 (vino,
1181 3080 1300 3144 pro
1361 3057 1677 3144 διαιρεῖν)
1740 3063 1853 3123 aut
1907 3059 2176 3123 verbum
2223 3059 2671 3142 reperiendum
2720 3055 2885 3144 quod

594 3168 840 3232 condire
895 3165 1259 3250 significet’.
1348 3164 1639 3230 Verbum
1693 3165 1861 3232 latet
1905 3165 2077 3250 quod
2127 3187 2166 3230 a
2212 3167 2499 3251 διαιρεῖν
2544 3166 2722 3233 haud
2766 3165 2889 3230 dis-

596 3274 772 3340 cerni
815 3273 1046 3360 possit,
1089 3273 1129 3337 i.
1179 3293 1230 3338 e.
1277 3272 1567 3339 διαίνειν
1613 3273 1693 3338 cf.
1738 3272 1970 3357 Ρ..725
2001 3294 2049 3337 ο.
2100 3273 2227 3338 699
2258 3274 2315 3340 d.

773 3381 852 3446 In
897 3380 1120 3446 eodem
1158 3401 1294 3466 cap.
1344 3377 1433 3466 (Ρ.
1480 3380 1610 3445 663
1639 3378 1731 3462 f):
1796 3373 1870 3444 τὸ
1927 3375 2049 3463 μὲν
2104 3382 2413 3445 ποικίλον
2459 3379 2628 3464 ἐστί,
2694 3374 2769 3444 τὸ
2819 3371 2889 3440 δὲ

593 3483 817 3573 ἥδιον,
857 3511 970 3553 ευο
991 3485 1028 3524 *
1061 3511 1258 3573 τερον
1289 3479 1374 3551 ἀν
1415 3481 1538 3570 τὴν
1574 3481 1741 3572 ὑπερ
1764 3487 1799 3526 ’¹‘
1838 3511 1923 3551 αν
1960 3481 2230 3573 ἀφέλῃς.
2279 3484 2498 3574 Steph.
2538 3510 2616 3552 ex
2652 3487 2884 3552 Amiot.

598 3595 797 3659 dedit:
851 3589 925 3660 τὸ
985 3590 1110 3678 μὲν
1155 3597 1461 3659 ποικίλον
1515 3588 1715 3676 ἥδιόν
1773 3592 1935 3658 ἐστι·
1999 3588 2075 3658 τὸ
2135 3589 2208 3658 δὲ
2254 3589 2483 3677 ἥδιον,
2551 3586 2883 3680 εὐορεκτό-

596 3722 823 3784 τερον,
885 3692 970 3763 &v
1015 3695 1140 3784 τὴν
1187 3693 1570 3784 ὑπερβολὴν
1616 3694 1884 3787 ἀφέλῃς.
1975 3699 2031 3764 Ε
2080 3699 2361 3766 Turneb.
2411 3701 2701 3768 affertur:
2747 3693 2884 3766 εὐο-

596 3801 986 3892 ρεκτότερον
1010 3803 1120 3871 καὶ
1150 3800 1621 3891 ἀπεπτότερον,
1649 3799 1739 3871 ἂν
1763 3803 1890 3890 τὴν
1920 3801 2303 3893 ὑπερβολὴν
2329 3806 2442 3874 καὶ
2466 3808 2885 3895 πολυφαγίαν

598 3907 868 4001 ἀφέλῃς.
961 3913 1263 3980 Fortasse
1309 3917 1628 3997 praestat:
1676 3905 1763 3978 ἀν
1807 3908 1930 3997 τὴν
1976 3907 2390 4000 ὑπερ[βολὴν
2430 3914 2540 3981 καὶ
2575 3912 2654 3983 τό
2690 3911 2884 3999 afflat}

602 4015 868 4107 ἀφέλῃς.
961 4019 1338 4106 Synonyma
1400 4022 1571 4087 inter
1631 4043 1770 4087 sese
1831 4021 2209 4106 saepissime
2264 4025 2490 4088 noster
2544 4018 2881 4090 coniunxit.

603 4125 699 4193 Cf.
748 4149 829 4194 m.
878 4150 1024 4194 ann.
1075 4128 1175 4194 ad.
1221 4153 1280 4214 p.
1329 4129 1456 4195 621
1489 4128 1547 4195 d.

775 4271 864 4282 —
899 4235 977 4319 11,
1007 4237 1047 4302 3
1079 4259 1126 4301 s.
1153 4235 1198 4301 f.
1229 4233 1320 4322 (Ρ.
1351 4233 1558 4320 6659)
1610 4229 1784 4300 οὕτω
1831 4230 2033 4320 φήσει
2076 4258 2175 4312 τις
2211 4233 2321 4301 καὶ
2356 4230 2529 4322 ἡμᾶς
2564 4232 2694 4302 ὑπὸ
2732 4229 2879 4318 ἡδο-

600 4341 722 4425 νῆς
777 4339 1368 4427 φιλοσοφήσαντας
1419 4339 1571 4428 περὶ
1617 4342 1754 4407 τῶν
1797 4335 2032 4408 ὕδνων
2076 4335 2665 4428 ἀμφισβητήσιμον
2709 4335 2877 4426 ἑχόν-

599 4469 736 4512 των
796 4443 924 4530 τὴν
977 4445 1278 4532 γένεσιν,
1342 4443 1434 4524 ὦς
1487 4443 1665 4535 ὁρᾷς.
1745 4447 1819 4513 έν
1874 4444 1950 4514 δὲ
2005 4447 2267 4527 τούτοις
2320 4444 2754 4536 ὑποκειμένης
2794 4441 2875 4532 τῷ
