3200 5175
835 919 1325 989 ADDENDA
1371 920 1497 987 ET
1543 919 2221 987 GORRIGENDA.

518 1080 672 1147 Quae
707 1082 953 1138 Romuli
999 1099 1044 1139 c.
1083 1088 1152 1137 22
1195 1080 1578 1151 repudiandae
1615 1078 1805 1135 uxoris
1843 1079 1991 1135 inter
2028 1079 2169 1134 alias
2206 1095 2377 1134 causa
2413 1079 2671 1135 affertur:

373 1173 614 1227 κλειδῶν
653 1167 928 1245 ὑποβολῇ,
965 1170 1284 1227 defenditur
1319 1171 1462 1240 1000,
1502 1186 1669 1240 quem
1708 1169 1795 1224 vir
1832 1168 2173 1225 clarissimus
2202 1167 2511 1225 Guilelmus
2538 1169 2673 1223 Din-

374 1261 580 1316 dorfius
635 1278 854 1316 summa
909 1277 1036 1315 cum
1089 1258 1440 1329 benignitate
1494 1273 1715 1313 meeum
1770 1257 2207 1313 communicavit
2261 1274 2330 1313 ex
2383 1258 2669 1329 Aristoph.

376 1350 598 1405 Thesm.
640 1356 743 1405 407
775 1368 922 1419 sqq.:

803 1452 948 1512 εἷεν·
987 1452 1130 1526 γυνή
1169 1474 1253 1517 τις
1289 1448 1688 1527 ὑποβαλέσθαι
1726 1450 2015 1528 βούλεται,

800 1540 1095 1615 ἀποροῦσα
1131 1544 1376 1613 παίδων,
1415 1536 1550 1598 οὐδὲ
1588 1537 1747 1598 τοῦτ’
1792 1540 1941 1597 ἔστιν
1977 1546 2184 1597 λαθεῖν

379 1658 439 1711 et
473 1656 640 1725 paulo
675 1655 805 1725 post
839 1657 946 1707 418
975 1670 1108 1721 sqqz
1147 1682 1218 1693 —-
1254 1643 1291 1705 ἃ
1331 1644 1388 1705 δ’
1428 1640 1500 1720 ἦν
1539 1645 1675 1720 ἡμῖν
1713 1646 1821 1720 πρὸ
1860 1651 1962 1705 τοῦ

799 1754 1000 1822 αὐταῖς
1035 1752 1436 1829 ταμιενούσαις
1473 1753 1854 1827 προαιρούσαις
1888 1760 2113 1825 λαθεῖν,

799 1845 1057 1919 ἄλφιτον,
1097 1846 1308 1919 ἔλαιον,
1346 1843 1503 1902 οἶνον
1543 1840 1679 1902 οὐδὲ
1718 1840 1880 1901 ταῦτ’
1923 1844 2009 1901 ἔτι

802 1936 1044 2005 ἔξεστιν·
1081 1935 1142 1993 οἵ
1173 1932 1281 2008 γὰρ
1320 1932 1526 2007 ἄνδρες
1562 1931 1673 2006 ἤδη
1712 1937 1961 2008 κλῃδία

800 2023 966 2084 ,αὐτοὶ
1003 2028 1246 2097 φοροῦσι
1281 2021 1502 2097 κρυπτὰ
1541 2022 2007 2095 κακοηθέστατα,

799 2110 1090 2172 Λακωνίκ’
1132 2111 1301 2187 ἄττα,
1336 2122 1488 2186 τρεῖς
1526 2112 1730 2184 ἔχοντα
1766 2116 2064 2185 γομφίους.

799 2202 922 2276 Πρὸ
959 2206 1062 2260 τοῦ
1101 2202 1205 2275 μὲν
1245 2194 1348 2261 οὖν
1386 2194 1457 2274 ἦν
1497 2198 1620 2259 ἀλλ’
1660 2198 1899 2269 ὑποῖξαι
1934 2200 2037 2273 τὴν
2074 2200 2266 2274 θύραν

801 2292 1240 2365 ποιησαμέναισι
1277 2290 1579 2349 δακτύλων
1619 2290 1953 2367 τριωβόλου,

800 2384 907 2437 νῦν
947 2378 1003 2437 δ’
1046 2373 1212 2446 οὗτος
1249 2385 1357 2438 etc.

375 2490 537 2545 Unde
584 2490 773 2560 aliquo
820 2490 989 2546 modo
1026 2492 1286 2561 apparet,
1332 2490 1468 2559 quid
1505 2490 1613 2545 sibi
1648 2489 1711 2545 in
1746 2490 1851 2546 tali
1886 2506 1946 2545 re
1985 2488 2173 2545 claves
2211 2488 2547 2545 subditiciae
2583 2507 2677 2545 ve—

375 2579 498 2637 lint.
571 2580 753 2637 Locus
802 2579 978 2651 igitur
1027 2598 1140 2636 non
1185 2581 1270 2636 est
1313 2579 1719 2636 sollicitandua
1759 2611 1832 2621 —-
1866 2578 2084 2634 Ibidem
2130 2595 2176 2636 c.
2216 2583 2283 2634 29
2330 2578 2677 2634 addendum:

374 2688 429 2740 p.
471 2674 574 2725 235
595 2685 650 2725 63
689 2663 993 2740 ἀγείροντά
1030 2689 1158 2724 τινα
1195 2672 1373 2732 θεοῖς.

521 2758 762 2815 Solonis
791 2777 838 2814 c.
871 2765 937 2814 18
968 2758 1138 2814 adde:
1166 2777 1221 2829 p.
1252 2765 1357 2814 690
1379 2760 1441 2814 d:
1474 2753 1802 2830 ἑνούμενον.
1845 2765 1983 2815 1055
2004 2759 2066 2814 (13
2104 2753 2405 2829 ἡνωμένην
2434 2764 2553 2821 τοῖς
2581 2755 2678 2828 μὲ-

379 2867 517 2919 ρεσι.
587 2854 724 2906 1083
746 2866 805 2904 63
842 2843 1188 2919 ἡνωμένους.

519 2939 656 3008 Pag.
697 2945 727 2994 7
775 2956 854 2995 vs.
897 2944 964 2992 14
1008 2955 1111 3008 pro
1157 2943 1500 3007 opponentem
1543 2939 1696 3010 lege:
1746 2939 2116 3010 opponantur.
2174 2969 2245 2978 -
2299 2937 2359 2990 Ρ.
2400 2941 2432 2991 8
2480 2953 2559 2991 vs.
2612 2942 2677 2991 16

377 3027 531 3097 lege:
577 3028 828 3084 fuissent.
866 3059 938 3068 -
971 3027 1031 3084 Ρ.
1073 3035 1132 3098 9,
1171 3035 1203 3084 5
1251 3030 1322 3084 ab
1358 3029 1472 3084 imo
1510 3045 1615 3100 pro
1652 3035 1716 3084 ut
1751 3029 1903 3099 16363
1953 3030 2025 3082 et.
2065 3059 2135 3068 —-
2172 3027 2233 3082 P.
2276 3033 2368 3096 11,
2410 3032 2473 3081 17
2522 3025 2678 3094 lege:

380 3115 569 3170 habet.
608 3147 678 3157 —
711 3117 773 3171 P.
815 3123 905 3187 12,
954 3123 986 3172 6
1033 3118 1106 3173 ab
1151 3117 1266 3173 imo
1307 3135 1410 3189 pro
1454 3119 1801 3189 intelligatur
1850 3118 2003 3188 16363
2050 3117 2431 3186 intellegatur.
2516 3113 2680 3169 Simi-

377 3204 510 3260 liter
557 3205 710 3262 alibi.
769 3239 838 3247 —
891 3209 956 3262 P..
1009 3214 1103 3278 18,
1153 3214 1219 3262 21
1276 3207 1430 3278 16363
1489 3207 1795 3263 absorbuit.
1849 3237 1921 3247 —
1969 3207 2029 3260 P.
2081 3211 2175 3274 19,
2214 3204 2435 3274 416363
2486 3203 2677 3258 ullam.

281 3319 299 3324 -
379 3325 450 3334 ·-
497 3295 557 3350 P.
597 3301 690 3361 20,
740 3299 773 3349 8
828 3296 901 3351 ab
945 3295 1060 3350 imo
1104 3312 1206 3366 pro
1260 3297 1538 3365 sapientia
1585 3296 1737 3365 16363
1792 3294 2197 3364 intellegentia.
2237 3323 2308 3332 —-
2342 3292 2405 3347 P.
2456 3297 2551 3358 25,
2610 3298 2677 3346 23

378 3383 531 3453 16363
571 3384 727 3454 siglis
758 3417 823 3424 —
852 3385 1141 3454 neglectis.
1173 3417 1236 3425 ——
1267 3385 1330 3439 P.
1359 3391 1445 3454 26,
1477 3391 1508 3438 8
1547 3385 1619 3438 ab
1654 3384 1769 3438 imo
1808 3383 1958 3437 dele:
1999 3399 2126 3438 non.
2182 3381 2397 3440 Ibidem
2423 3399 2503 3438 vs.
2536 3388 2567 3436 6
2606 3383 2679 3436 ab

376 3472 493 3527 imo
528 3489 631 3543 pro
669 3473 825 3528 modo
860 3475 912 3527 si
938 3473 1092 3542 lege:
1132 3474 1448 3529 dummodo.
1479 3505 1550 3514 —
1574 3472 1638 3529 P.
1668 3479 1755 3542 27,
1783 3478 1816 3526 2
1845 3473 1998 3542 16363
2038 3466 2069 3526 ὁ
2095 3467 2309 3526 Σόλων.
2339 3501 2411 3511 -
2437 3471 2497 3524 Ρ.
2528 3476 2614 3539 29,
2647 3476 2676 3525 7

377 3560 530 3630 16363
585 3563 855 3616 nostrum.
895 3593 966 3602 -
1000 3563 1062 3619 Ρ.
1102 3568 1188 3632 31,
1227 3569 1259 3617 3
1306 3563 1378 3618 ab
1413 3563 1528 3617 imo
1564 3562 1718 3632 lege:
1756 3560 2239 3632 interpretatione.
2277 3591 2348 3600 —-
2382 3561 2443 3614 P.
2482 3565 2570 3628 32,
2611 3565 2677 3612 13

379 3647 532 3719 16363
570 3649 876 3707 Barsinam.
935 3648 1206 3706 Similiter
1241 3669 1294 3721 p.
1317 3656 1492 3720 55,14
1520 3649 1849 3721 legendum:
1890 3648 2293 3705 cleobulinam.
2325 3681 2390 3688 —
2420 3649 2481 3702 P.
2504 3654 2590 3715 32,
2610 3653 2675 3701 21

377 3738 531 3808 16363
567 3737 1140 3809 interpretationibus.
1179 3772 1249 3780 —
1288 3740 1349 3796 P.
1379 3747 1466 3808 33,
1507 3746 1572 3794 12
1609 3740 1763 3810 16363
1800 3755 2077 3810 perversa.
2116 3770 2179 3778 —-
2221 3739 2281 3792 P.
2321 3743 2408 3806 40,
2446 3744 2495 3793 2.
2536 3743 2567 3792 3
2607 3736 2678 3791 ab

379 3827 494 3881 imo
531 3828 685 3898 lege:
722 3824 786 3882 τὸ
825 3825 1047 3899 σεμνόν.
1086 3861 1156 3870 -
1190 3830 1250 3885 Ρ.
1281 3835 1368 3898 41,
1410 3835 1473 3884 17
1506 3846 1615 3900 ‘pro
1654 3828 1856 3897 adJ'ecit
1890 3829 2043 3898 lege:
2082 3826 2317 3894 adiecit3
2356 3826 2416 3880 et
2454 3825 2679 3881 omnino

379 3915 440 3969 in
476 3915 660 3971 verbis
697 3915 838 3972 meis
875 3935 978 3987 pro
1016 3917 1182 3974 litera
1212 3917 1236 3988 j
1275 3918 1499 3988 legatur
1541 3917 1576 3973 i.
1619 3949 1687 3958 -
1724 3917 1785 3973 P.
1825 3923 1920 3985 51,
1962 3921 2028 3970 15
2072 3915 2226 3985 16363
2284 3913 2677 3984 superioribus,

385 4035 454 4043 —
479 4003 540 4059 P.
572 4010 657 4074 58,
687 4011 722 4059 4
759 4006 830 4060 ab
867 4006 982 4062 imo
1020 4007 1171 4077 lege:
1208 4007 1465 4063 maxime.
1497 4037 1567 4046 -—
1594 4007 1657 4060 P.
1690 4011 1774 4074 59,
1795 4011 1827 4060 3
1856 4003 2009 4075 16363
2057 4003 2387 4058 Difficultas.
2462 4003 2678 4058 Ibidem

381 4109 461 4148 vs,
504 4098 568 4146 14
605 4094 757 4162 lege:
793 4095 1010 4150 traduc.
1047 4127 1118 4136 ·-
1153 4095 1213 4151 P.
1245 4101 1330 4162 68,
1365 4102 1428 4149 11
1467 4095 1540 4150 ab
1577 4094 1692 4148 imo
1720 4093 1872 4164 lege:
1912 4093 2276 4148 occasionem.
2305 4123 2375 4132 -——
2402 4091 2463 4148 P.
2495 4097 2579 4160 74,
2611 4097 2678 4147 10

383 4180 456 4235 ab
492 4181 607 4234 imo
644 4181 797 4251 lege:
835 4183 1194 4239 dubitaverit.
1233 4215 1302 4223 --
1337 4184 1399 4238 P.
1441 4188 1526 4252 79,
1565 4188 1596 4237 5
1636 4181 1709 4236 ab
1745 4181 1860 4236 imo
1896 4181 2050 4252 lege:
2088 4181 2255 4250 quod.
2296 4213 2360 4222 -
2399 4181 2460 4236 P.
2492 4187 2579 4248 83,
2612 4185 2679 4235 18

381 4269 535 4340 16363
573 4271 882 4328 credamus,
920 4303 992 4312 -—
1026 4272 1090 4326 P.
1117 4276 1204 4342 84,
1238 4278 1301 4326 12
1338 4272 1491 4342 16363
1530 4271 1858 4341 marginem.
1890 4300 1957 4310 --
1984 4269 2047 4324 P.
2077 4274 2163 4337 85,
2196 4275 2227 4323 9
2266 4269 2339 4323 ab
2374 4268 2491 4322 imo
2518 4268 2676 4337 16363

380 4359 534 4417 illuc.
590 4390 660 4400 -
711 4359 776 4415 P.
815 4366 908 4427 93,
959 4367 991 4415 2
1028 4361 1181 4432 16363
1231 4359 1643 4430 superstitione.
1702 4389 1768 4398 —-
1824 4357 1885 4412 P.
1928 4361 2055 4426 104,
2101 4361 2136 4409 4
2170 4356 2324 4426 lege:
2374 4357 2561 4425 ψῦξις.
2609 4387 2677 4398 -

381 4447 442 4505 Ρ.
485 4455 603 4518 106,
641 4455 708 4505 21
745 4451 898 4519 16363
937 4451 1129 4519 γῦπες.
1169 4480 1235 4490 -
1271 4449 1333 4503 P.
1377 4453 1495 4516 109,
1535 4453 1566 4502 5
1604 4445 1675 4500 ab
1712 4446 1826 4500 imo
1864 4443 2017 4514 16363
2060 4447 2235 4499 erant.
2275 4476 2341 4486 -—
2384 4444 2538 4510 Quae
2575 4445 2678 4498 mi-

383 4539 534 4593 noris
569 4541 839 4595 momenti
877 4541 1007 4596 sunt
1041 4538 1376 4595 benevolum
1413 4539 1681 4593 lectorem
1717 4537 1977 4605 rogatum
2007 4533 2138 4589 volo
2167 4536 2231 4588 ut
2255 4534 2373 4603 ipse
2402 4535 2675 4589 emendet.

493 4638 733 4689 symbolae
761 4641 948 4682 criticae
975 4643 1020 4682 et
1046 4640 1275 4689 palaeogr.
1305 4639 1355 4678 in
1383 4638 1502 4678 Plut.
1841 4645 1847 4652 ·
2186 4629 2253 4678 10
2700 4612 2704 4616 ”
