3200 5175
1219 333 1656 398 -91.„

287 510 496 578 rectio
539 511 813 588 vitiosae
849 511 1168 578 videntur.
1241 509 1412 589 Quid
1455 511 1524 576 in
1561 511 1775 577 verbis
1810 504 1991 595 παρὰ
2026 508 2182 578 δυσὶ
2217 512 2353 577 τῶν
2384 513 2582 597 ἱερῶν

277 619 488 690 lateat
515 619 741 685 statim
763 619 1118 705 apparebit„
1163 617 1329 683 Erat
1356 617 1691 702 seriptum:
1725 601 2517 686 ΠΑΡΑΛΥεῖτοΝιεΡοΝ
2540 668 2584 683 ..

279 725 322 789 i.
369 747 426 790 e.
471 720 651 810 παρὰ
696 722 918 791 Λύσιν
963 721 1085 791 τὸν
1127 723 1499 810 γέρον(τα),
1558 725 1731 810 quod
1784 725 1854 790 in
1909 746 2045 809 cap.
2093 725 2161 790 8:
2214 719 2393 810 παρὰ
2446 721 2583 791 Λύ-

281 833 426 896 σιδι
479 830 570 919 τῷ
623 830 894 916 γέροντι
959 833 1212 898 salvum
1276 832 1502 898 evasit.
1591 830 1756 898 Cum
1819 835 2041 897 tamen
2096 833 2401 900 librarius
2463 855 2582 918 pro

283 933 510 1004 Λύσιν
547 938 813 1023 legisset
854 939 1032 1021 δυσί,
1072 938 1521 1023 'insequentem
1560 938 2000 1004 accusativum
2048 939 2238 1004 simul
2274 941 2346 1005 in
2390 961 2582 1028 gene-

278 1045 493 1111 tivum
547 1044 840 1112 mutavit.
923 1044 995 1110 Si
1047 1043 1492 1130 Pythagoreos
1553 1045 1749 1111 etiam
1820 1040 2044 1129 ἱερούς
2098 1047 2412 1130 appellari
2468 1045 2582 1112 ali-

279 1151 456 1216 unde
501 1151 927 1237 constitisset,
980 1172 1100 1236 pro
1159 1146 1281 1218 τὸν
1336 1151 1621 1237 γέροντα
1675 1153 1893 1237 potius
1948 1147 2070 1219 τὸν
2126 1149 2311 1238 ἱερόν
2370 1153 2585 1239 legere

282 1261 790 1324 consentaneum
837 1262 995 1324 erat.
1070 1257 1194 1325 Sed
1240 1264 1462 1326 tamen
1519 1259 1687 1327 nihil
1745 1258 1955 1324 adhuc
2003 1259 2085 1324 ad
2141 1282 2283 1326 eam
2331 1259 2584 1346 opinio-

281 1388 437 1432 nem
475 1365 980 1432 confirmandam
1015 1367 1242 1451 reperi.
1282 1404 1365 1414 -
1403 1365 1530 1432 Pro
1571 1360 1775 1432 οὕτω
1815 1365 2093 1433 fortasse
2132 1367 2331 1432 scriba
2366 1367 2587 1453 τοῦτο,

283 1473 324 1536 i.
365 1495 420 1537 e.
463 1467 622 1550 τοὺς
660 1469 924 1557 λόγους.
998 1472 1238 1539 Totum
1275 1473 1476 1559 igitur
1510 1473 1729 1539 locum
1758 1473 1852 1540 sic
1890 1473 2362 1539 restituendum
2398 1478 2584 1560 puto:

289 1616 364 1626 -
415 1575 596 1665 παρὰ
637 1578 965 1664 Σωκράτη
1011 1575 1132 1644 τὸν
1169 1574 1519 1664 ὑμέτερον·
1565 1572 1756 1664 ἡμεῖς
1802 1576 1876 1644 δὲ
1921 1575 2100 1664 παρὰ
2145 1577 2403 1646 Λύσιν
2448 1576 2586 1648 τὸν

281 1683 630 1773 γέροντα
676 1683 1162 1766 σπουδάζοντες
1205 1686 1437 1752 τοῦτο
1486 1682 1920 1770 διεφάνημεν.

465 1791 535 1858 C.
573 1795 615 1859 3
655 1792 743 1878 (p.
781 1793 912 1859 576
943 1789 1036 1881 e):
1077 1787 1618 1879 Ἐπαμεινώνδας
1663 1789 1739 1858 δὲ
1777 1794 2093 1860 Βοιωτῶν
2130 1789 2449 1860 ἁπάντων
2494 1796 2586 1884 τῷ

283 1900 778 1966 πεπαιδεῦσθαι
823 1895 988 1986 πρὸς
1033 1893 1277 1985 ἀρετὴν
1332 1893 1540 1979 ἀξιῶν
1597 1899 1945 1987 διαφέρειν
1992 1893 2249 1986 άμβλύς
2296 1899 2432 1967 ἐστι
2477 1900 2588 1967 καὶ

285 2000 686 2092 ἀπρόθυμος
732 2010 767 2049 '¹¹
794 2007 1182 2072 τοσοῦτον
1230 2002 1272 2070 ἅ
1315 2031 1496 2072 τινα
1540 2009 1853 2090 βελτίονα
1888 2003 2129 2093 καιρὸν
2164 2001 2345 2097 αὐτῷ
2382 2030 2587 2092 πεφυ-

279 2109 430 2178 κότι
467 2111 578 2178 καὶ
613 2113 1212 2203 παρεσκευασμένῳ
1257 2113 1474 2190 καλῶς
1512 2109 1688 2179 οὕτω
1724 2110 2154 2198 χρησόμενος.
2227 2115 2359 2179 Alii
2396 2114 2586 2181 codd:

280 2219 529 2286 τοῦτον
575 2215 618 2304 ἥ
662 2245 816 2286 τινα
852 2221 956 2286 vel
999 2220 1244 2287 τοῦτον
1289 2215 1335 2284 ἅ
1370 2243 1542 2285 τινα.
1595 2207 1820 2308 'wytt.
1861 2221 2212 2305 supplevit:
2259 2222 2322 2286 εἰ
2363 2216 2453 2306 μὴ
2495 2222 2589 2299 εἰς

281 2327 531 2393 τοῦτον
576 2329 672 2404 είς
713 2331 868 2394 τίνα
919 2329 1233 2412 βελτίονα
1287 2321 1528 2412 καιρὸν
1580 2323 1671 2390 κε’.
1753 2325 1883 2392 Res
1940 2327 2189 2392 incerta
2234 2331 2349 2394 est.
2430 2327 2589 2393 For-

283 2438 464 2500 tasse
519 2429 915 2520 ἆπρόθυμος
971 2429 1088 2516 [ὥς
1143 2428 1226 2500 οὐ
1279 2435 1538 2519 μᾶλλον
1593 2428 1796 2520 παρά]
1845 2434 2087 2500 τοῦτον
2132 2429 2175 2518 ἤ
2221 2458 2372 2500 τινα
2417 2436 2589 2518 βελτ.

285 2537 532 2627 καιρὸν
577 2535 755 2632 αὐτῷ
806 2579 888 2590 -
937 2539 1367 2629 χρησόμενος.
2092 2626 2101 2633 „

471 2648 628 2715 Post
672 2672 903 2733 pauca:
951 2686 1034 2697 —-·
1074 2647 1340 2736 τέμνειν
1380 2642 1423 2735 ἢ
1463 2642 1816 2715 άποκαίειν
1852 2646 2299 2735 βιαζόμενος*
2338 2644 2591 2717 οὐκοῦν

285 2754 400 2821 καὶ
447 2745 646 2834 οὗτος
689 2752 967 2841 *δήπου
1011 2753 1182 2841 μηδὲ
1236 2751 1350 2821 διὰ
1397 2756 1535 2823 τῶν
1589 2756 1937 2823 πολιτῶν*
1984 2752 2259 2843 ἄκριτον
2302 2754 2393 2823 κέ.
2464 2757 2589 2823 La-

286 2886 490 2929 cunas
539 2863 747 2949 Wytt.
795 2864 1144 2949 explendas
1192 2865 1411 2929 censet
1457 2862 1526 2929 in
1569 2863 1745 2928 hunc
1791 2863 1995 2928 ferme
2041 2864 2330 2929 modum:
2377 2861 2588 2948 βιαζό-

285 2994 512 3056 μενος,
555 2966 632 3035 τὸ
667 2966 1035 3047 πεπονθός·
1084 2962 1338 3036 οὐκοῦν
1375 2966 1485 3034 καὶ
1525 2958 1723 3047 οὗτος
1754 2966 1933 3058 λόγῳ
1978 2968 2089 3035 καὶ
2118 2977 2351 3037 πειθοῖ
2381 2972 2591 3037 ταῦτα

289 3073 815 3163 διαπράττεσθαι
882 3073 1369 3161 διανοούμενος
1430 3074 1542 3142 καὶ
1609 3072 1987 3162 δοκιμάζων
2052 3074 2272 3163 δήπου
2334 3076 2592 3163 μηδένα

285 3186 424 3251 τῶν
469 3184 763 3251 πολιτῶν
809 3186 1096 3251 κτείνειν
1147 3178 1454 3270 ἄκριτον,
1511 3177 1637 3250 οὐκ
1693 3184 1874 3250 ἔστιν
1930 3184 2233 3265 ἐπίδοξος
2291 3196 2432 3262 τοῖς
2479 3180 2592 3250 διὰ

287 3294 440 3377 βίας
485 3285 622 3376 ἅμα
665 3289 778 3356 καὶ
823 3291 1101 3375 αἵματος
1145 3289 1478 3376 ἐμφυλίου
1523 3287 1634 3357 καὶ
1692 3291 1955 3375 σφαγῆς
2007 3287 2133 3376 τὴν
2176 3289 2370 3357 πόλιν
2414 3290 2591 3358 ἐλευ-

287 3398 576 3484 θεροῦσι
612 3404 1184 3481 συναγωνιεῖσθαι
1228 3393 1617 3483 προθύμως.
1690 3382 1868 3472 (ὶιιέιθ
1902 3397 2458 3480 interpretationis
2508 3400 2589 3463 si-

291 3504 570 3571 millima
633 3508 800 3570 sunt.
893 3502 1134 3569 Lenius
1197 3504 1408 3589 possis
1473 3504 1542 3568 in
1606 3503 1781 3569 hunc
1848 3502 2137 3569 modum:
2200 3499 2593 3589 βιαζόμενος

291 3604 445 3695 [τὴν
491 3605 735 3703 σάρκα,
781 3610 972 3676 simil.
1027 3634 1090 3696 p.
1136 3612 1219 3676 67
1253 3612 1343 3691 e]·
1404 3603 1657 3677 οὐκοῦν
1712 3607 1826 3675 καὶ
1882 3598 2106 3677 οὗτΟΕ
2162 3606 2412 3693 [φόνου
2466 3608 2591 3697 μὲν

289 3715 664 3803 μεθέξειν
710 3712 803 3783 οὔ
851 3733 1046 3802 φησι
1085 3716 1216 3803 (vel
1251 3709 1659 3803 ἀποτρέπει),
1700 3712 2163 3804 βουλόμενοί]
2207 3713 2426 3802 δήπου
2472 3744 2591 3804 μη-

292 3824 459 3891 δένα
503 3824 642 3894 τῶν
687 3824 981 3891 πολιτῶν
1031 3816 1476 3911 [Ἀποθανεεν]
1529 3818 1847 3910 ’Ἀκριτον
1892 3827 2027 3889 κτλ.
2109 3822 2329 3891 Verba
2371 3828 2591 3893 tamen

291 3933 440 4017 ipsa
483 3931 744 3999 definiri
785 3953 921 3998 non
966 3932 1260 4016 possunt.
1341 3926 1440 3997 Of.
1486 3952 1625 4015 cap.
1671 3930 1779 4015 28,
1825 3929 1997 4014 quod
2042 3928 2167 3995 huc
2211 3931 2389 3999 facit.

189 4058 199 4065 ’
473 4037 544 4106 G.
571 4040 616 4104 4
651 4039 866 4105 initio:
911 4033 1119 4105 ταῦτά
1159 4060 1291 4122 μου
1327 4035 1813 4121 διαλεγομένου
1848 4031 2015 4120 πρὸς
2048 4031 2170 4101 τὸν
2202 4031 2592 4123 Θεόκριτον,

294 4149 336 4213 δ
347 4142 698 4213 ιακούων
743 4141 780 4213 ὁ
824 4140 1314 4230 Ἀναξίδωρος,
1353 4140 1550 4230 ἐγγὺς
1583 4138 1769 4229 γὰρ*
1806 4140 1918 4207 καὶ
1947 4144 2429 4229 Λυσανορίδαν
2471 4138 2593 4210 τὸν

295 4250 734 4341 Σπαρτιάτην
771 4248 900 4321 ἀπὸ
937 4253 1056 4337 τῆς
1089 4253 1453 4337 Καδμείας,
1499 4246 1721 4337 ὥσπερ
1768 4251 1864 4326 εἰς
1897 4244 2143 4316 ταύτόν
2188 4244 2350 4335 ἡμῖν
2396 4246 2592 4317 σπεύ-

296 4363 558 4438 δοντας.
650 4361 864 4445 Wytt.
922 4361 1221 4426 lacunam
1287 4358 1380 4424 sic
1445 4357 1687 4441 explet:
1746 4354 2332 4442 Γαλαξίδωρος,
2397 4352 2594 4441 ἐγγὺς

295 4463 427 4555 γὰρ
471 4456 583 4553 ἦν,
627 4461 1088 4553 φυλάττεσθαι
1131 4462 1387 4533 ἐκέλευε
1427 4460 1695 4551 Ἀρχίαν
1738 4461 1853 4529 καὶ
1897 4464 2393 4551 Λυσανορίδαν.
2473 4462 2592 4531 Le-
