3200 5175
1419 283 1977 400 ⁴-3o-

622 509 1334 598 ἐξεστρατευμένον
1380 507 1542 595 μετὰ
1585 511 1705 595 τῆς
1750 506 2117 595 δυνάμεως.
2208 510 2481 576 Diversa
2530 511 2724 578 lectio
2780 510 2918 590 ἐξε-

617 616 1162 705 στρατευομένων
1207 618 1278 682 111
1320 618 1400 685 A.
1449 617 1757 686 admonet
1801 618 1928 684 loci
1973 616 2256 703 Lycurgi
2304 618 2375 682 in
2421 619 2716 684 oratione
2762 640 2916 685 eon-

614 729 720 793 tra
764 725 1141 793 Leocratem
1196 748 1256 810 p.
1309 725 1463 808 162,
1517 727 1558 806 ξ
1611 725 1766 790 107:
1826 721 2044 810 νόμον
2100 727 2369 809 ἔθεντο,
2422 720 2587 792 ὅταν
2644 723 2719 792 ἐν
2771 735 2920 802 τοῖς

615 831 844 909 ὅπλοις
890 828 1604 918 ἐκστρατευόμενοι
1651 820 1795 915 ὦσι,
1830 835 2060 897 καλεῖν
2099 829 2205 896 ἐπὶ
2250 827 2373 914 τὴν
2419 831 2543 897 τοῦ
2588 832 2919 915 βασιλέως

615 935 873 1024 σκηνὴν
911 977 1000 986 -
1036 934 1364 1022 ἅπαντας,
1401 939 1516 1004 ubi
1553 938 1921 1004 scribendo:
1968 933 2132 1004 ὅταν
2180 973 2255 986 -·-
2300 936 2918 1022 ἐστρατευμένοι

615 1035 764 1129 ωσι,
812 1045 978 1112 nihil
1037 1045 1410 1112 offensionis
1459 1045 1793 1128 supererit.
1874 1043 2075 1112 Simil.
2124 1047 2165 1126 ἓ
2218 1044 2369 1110 116.
2418 1039 2583 1110 ὅταν
2625 1081 2699 1092 -—
2742 1046 2921 1130 εἰλη-

615 1147 817 1236 φότες
861 1141 1003 1216 ὦσι.

792 1258 1090 1341 Pompei
1125 1260 1187 1324 1:
1235 1260 1412 1325 αἰτία
1449 1256 1525 1324 δὲ
1559 1259 1683 1324 τοῦ
1719 1259 1959 1342 μίσους
1986 1257 2216 1346 ἐκείνῳ
2247 1255 2363 1345 (sc.
2390 1259 2483 1348 τῷ
2520 1254 2921 1344 Στράβωνι)

614 1367 755 1450 μία,
790 1360 1147 1451 χρημάτων
1184 1361 1518 1450 απληστος
1551 1363 1907 1447 ἐπιθυμία·
1944 1361 2160 1454 τούτω
2200 1361 2277 1430 δὲ
2312 1362 2553 1431 πολλαὶ
2589 1364 2712 1430 τοῦ
2752 1359 2924 1448 ἀγα-

614 1473 900 1555 πᾶσθαι,
945 1468 1353 1558 σωφροσύνη
1402 1470 1555 1557 περὶ
1601 1472 1900 1556 δίαιταν,
1946 1466 2225 1555 ασκησις
2278 1471 2354 1538 ἐν
2400 1467 2662 1555 ὅπλοις,
2710 1477 2921 1536 πιθα-

615 1576 818 1664 νότης
870 1575 1110 1663 λόγου,
1169 1583 1389 1658 πίστις
1446 1575 1696 1663 ἤθους,
1751 1572 2155 1664 εὐαρμοστία
2207 1572 2374 1660 πρὸς
2428 1575 2777 1660 ἔντευξιν,
2816 1571 2929 1655 ὥς

618 1681 962 1770 μηδενὸς
1007 1681 1506 1772 ἀλυπότερον
1552 1685 1949 1771 δεηθῆναι
2004 1680 2181 1769 μηδ’
2232 1680 2468 1770 ἥδιον
2514 1678 2925 1770 ὑπουργῆ-

479 1809 486 1816 ·
616 1808 747 1857 σαι
820 1789 1188 1880 δεομένῳ.
1286 1793 1390 1859 Ita
1453 1792 1633 1858 codd.
1728 1790 1945 1878 Vulgo
2028 1812 2108 1857 ex
2167 1791 2323 1856 Ald:
2395 1787 2928 1877 ἀλυπηρότερον.

615 1897 830 1964 Α11011.
877 1892 968 1974 ὥς
1013 1894 1306 1983 μηδενὸς
1353 1894 1701 1984 πρότερον.
1792 1895 2012 1963 Verba
2066 1900 2351 1963 extrema
2410 1901 2717 1983 corrupta
2772 1920 2925 1964 esse

615 2027 807 2071 nemo
871 2027 1004 2071 non
1083 2006 1298 2071 sentit.
1387 2003 1689 2070 Reiskius
1762 2004 2063 2071 coniecit:
2138 1998 2230 2080 ὣς
2300 2004 2557 2089 μηδένα
2622 2000 2925 2089 μηδενὸς

617 2105 1033 2199 ἀλυπότερον
1104 2109 1208 2195 κέ,
1281 2115 1357 2176 ut
1427 2134 1618 2178 nemo
1690 2133 1978 2196 unquam
2060 2112 2297 2176 minore
2372 2131 2515 2178 cum
2586 2113 2787 2177 taedio
2856 2117 2927 2176 et

615 2219 895 2284 molestia
951 2219 1278 2302 quicquam
1339 2239 1706 2302 quemquam
1767 2219 2032 2302 royarit‚
2096 2241 2291 2303 quam
2354 2219 2469 2303 qui
2528 2218 2923 2304 Pompejum

618 2328 947 2412 rogarunt,
993 2326 1049 2392 si
1092 2348 1260 2412 quae
1303 2329 1633 2412 rogarent.
1725 2324 1965 2392 Goraes
2022 2325 2117 2391 sio
2162 2325 2536 2410 explicavit:
2582 2321 2751 2392 ὥστε
2796 2349 2921 2411 μη-

614 2431 777 2500 δένα
807 2429 986 2520 παρὰ
1023 2429 1316 2517 μηδενὸς
1341 2427 1783 2518 ἀλυπότερον,
1813 2426 1856 2517 ἢ
1885 2428 2063 2518 παρὰ
2091 2435 2476 2517 Πομπηΐου,
2508 2433 2773 2516 αἰτῆσαι
2801 2431 2921 2498 καὶ

616 2538 938 2620 δέξασθαι
970 2535 1190 2625 χάριν,
1218 2537 1389 2625 μηδὲ
1415 2535 1619 2625 ηδιον
1646 2537 1903 2625 μηδένα
1930 2539 2191 2625 μηδενί,
2220 2563 2263 2625 η
2293 2542 2627 2629 Πομπηΐῳ
2664 2533 2923 2625 ὑπουρ-

620 2647 820 2731 γῆσαι
859 2644 1173 2734 δεομένῳ.
1238 2648 1328 2713 Εἰ
1364 2644 1438 2713 δὲ
1474 2647 1765 2734 προαιρῇ
1801 2642 1925 2731 τὴν
1962 2644 2194 2733 ἑτέραν
2232 2642 2527 2731 γραφήν,
2564 2642 2919 2733 πρότερον,

619 2791 696 2801 —-
741 2748 1114 2819 οὑτωσί-
1134 2748 1386 2821 ε’ᾬιστε
1432 2752 1689 2839 μηδένα
1735 2750 2056 2841 χρῄζοντά
2102 2777 2289 2831 τινος
2330 2750 2747 2839 πράγματος,
2806 2748 2912 2819 ἐπ’

619 2857 831 2927 ἄλλον
884 2856 1214 2946 πρότερον
1271 2860 1499 2928 ἐλθεῖν
1555 2858 2001 2947 δεησόμενον,
2056 2858 2097 2945 ἥ
2144 2860 2251 2928 ἐπὶ
2296 2857 2687 2946 Πομπήϊον,
2745 2857 2919 2945 μηδε

615 2964 924 3055 χρῄζοντι
953 2964 1215 3053 ἥδιον”
1181 2966 1402 3056 ετέρῳ,
1439 2964 1479 3053 ἥ
1518 2971 1874 3058 Πομπηΐῳ,
1911 2962 2352 3053 ὑπουργῆσαι.
2406 2967 2545 3033 Α111
2580 2968 2727 3054 alia,
2756 2990 2914 3054 quo-

612 3098 757 3140 rum
802 3075 967 3140 nihil
1014 3076 1173 3141 satis
1212 3075 1388 3141 facit.

789 3181 1054 3247 Fundus
1103 3182 1488 3265 sententiae,
1536 3183 1833 3266 personis
1879 3184 2177 3269 remotis,
2220 3182 2573 3249 manifesto
2625 3182 2731 3247 hic
2778 3185 2918 3248 est:

499 3344 504 3349 .
611 3284 1053 3376 εὐαρμοστίας
1101 3289 1419 3373 δείγματα
1467 3284 1593 3355 δύο
1642 3288 1803 3372 ἐστί,
1840 3285 1917 3355 τὸ
1957 3290 2283 3355 δεῖσθαι
2328 3282 2644 3367 ἀλύπως
2684 3286 2798 3353 καὶ
2834 3283 2917 3354 τὸ

611 3392 1054 3482 ὑπουργεῖν
1097 3388 1378 3479 ἡδέως,
1421 3396 1489 3460 id
1533 3395 1704 3480 quod
1752 3418 1829 3461 ex
1867 3396 1948 3461 iis
1995 3418 2159 3481 quae
2206 3398 2593 3481 sequuntur:
2646 3396 2916 3481 προσῆν

611 3500 739 3590 γὰρ
787 3498 1002 3569 αὐτοῦ
1041 3514 1188 3581 ταῖς
1240 3498 1465 3587 χάρισι
1509 3499 1623 3567 καὶ
1666 3498 1754 3569 τὸ
1802 3496 2248 3587 ἀνεπαχθὲς
2301 3499 2617 3579 διδόντος
2667 3500 2781 3568 καὶ
2823 3497 2915 3567 τὸ

612 3606 910 3693 σεμνὸν
955 3606 1421 3694 λαμβάνοντος
1467 3614 1755 3694 apparet.
1838 3608 2002 3676 Cum
2051 3613 2269 3675 autem
2314 3630 2523 3693 neque
2567 3630 2685 3692 per
2728 3608 2916 3673 lecti-

611 3738 729 3781 nes
767 3711 1210 3800 ἀλυπότερονε
1257 3712 1787 3801 ἀλυπηρότεροντ
1826 3712 2157 3802 πρότερον
2191 3738 2402 3801 neque
2437 3736 2555 3799 per
2590 3715 2915 3782 orationis

611 3844 850 3887 nexum
897 3822 1074 3887 aliud
1119 3843 1261 3886 esse
1305 3822 1652 3887 infinitivis
1708 3823 2105 3906 δεηθῆναι
2162 3825 2229 3887 et
2280 3816 2705 3907 ὑπουργῆσαι
2758 3821 2914 3887 sub-

611 3930 849 3995 iectum
897 3950 1094 4014 quam
1127 3922 1248 3993 τὸν
1293 3924 1658 4013 Πομπήϊον
1692 3929 1904 4013 liceat,
1938 3930 2297 3995 necessarie
2335 3928 2611 3995 efficitur
2654 3933 2729 3993 ut
2764 3950 2913 3994 ora-

609 4037 812 4103 tionis
849 4035 1170 4120 posterior
1205 4057 1387 4119 pars:
1429 4032 1599 4119 μηδὲ
1635 4030 1834 4118 ἥδιον
1871 4029 2291 4121 ὑπουργῆσαι
2330 4032 2623 4123 δεομένῳ
2662 4038 2729 4100 et
2764 4036 2914 4120 ipsa

610 4142 1082 4229 inexplicabilis
1128 4142 1558 4227 relinquatur,
1607 4145 1673 4207 et
1716 4143 1954 4226 prioris
2002 4140 2183 4227 (μηδ.
2229 4136 2333 4209 ἀλ.
2381 4140 2599 4227 oeno.)
2646 4164 2911 4207 omnem

610 4273 774 4335 quae
819 4249 980 4335 fingi
1025 4250 1236 4333 possit
1273 4249 1771 4333 explicationem
1819 4250 2012 4315 simul
2056 4250 2249 4315 tollat
2286 4252 2353 4314 et
2395 4252 2743 4333 pervertat.
2816 4250 2912 4315 At

609 4360 831 4422 tamen
864 4358 935 4421 in
973 4357 1272 4422 omnibus
1298 4357 1433 4421 fere
1468 4356 1663 4422 huius
1700 4358 1827 4422 loci
1863 4356 2505 4441 interpretationibus
2544 4355 2907 4423 subiectum

609 4463 828 4529 nescio
875 4462 1044 4528 unde
1089 4464 1284 4529 tacite
1342 4465 1724 4529 assumitur:
1780 4462 2055 4548 μηδένα.
2144 4463 2297 4531 Α110
2354 4464 2663 4531 1111111111111
2708 4463 2905 4531 modo
