3200 5175
1279 305 1756 371 -139—

545 482 616 550 O.
653 486 694 549 2
735 482 823 569 (p.
865 480 1140 570 1059e):
1188 477 1333 550 ἀλλ’
1387 475 1609 568 ῶσπερ
1657 477 1693 548 ὁ
1743 483 1989 550 Κάτων
2036 486 2217 568 ἔλεγε
2260 481 2437 570 περὶ
2474 489 2664 552 Καί-

369 609 612 677 σαρος
657 590 976 656 ἐκείνου
1019 589 1324 676 μηδένα
1368 585 1676 675 νήφοντα
1721 587 1891 674 μηδὲ
1935 590 2325 676 φρονοῦντα
2365 589 2471 658 ἐπὶ
2506 609 2663 676 συγ-

368 695 556 783 χύσει
618 699 734 784 τῆς
801 699 1134 775 πολιτείας
1196 707 1336 776 τοῖς
1402 698 1753 782 δημοσίοις
1806 703 2210 784 προσελθεῖν
2263 694 2666 784 πράγμασιν.

370 806 674 872 Reiskius
723 805 1028 872 coniecit:
1086 802 1237 890 περὶ
1283 807 1480 871 Καίσ.
1526 804 1702 889 πλὴν
1748 803 2014 871 ἐκείνου
2058 803 2313 889 μηδένα
2358 802 2517 892 νήφ.
2561 808 2666 872 vel

372 910 523 997 περὶ
567 916 652 978 K.
697 911 961 978 ἐκείνου
1006 909 1262 997 μηδένα
1308 907 1616 996 νήφοντα
1660 911 1939 996 μᾶλλον,
1984 910 2169 997 μηδέ.
2251 911 2471 997 Wytt:
2515 912 2666 998 περὶ

368 1022 742 1104 Καίσαρος,
786 1017 1044 1104 μηδένα
1088 1017 1217 1104 πρὸ
1266 1017 1545 1084 ἐκείνου.
1620 1015 2042 1084 Seribendum
2080 1022 2264 1104 puto:
2321 1015 2450 1106 πρὸ
2500 1023 2663 1086 Καί-

372 1142 578 1212 σαρος
623 1124 886 1192 ἐκείνου
930 1125 1190 1210 μηδένα
1235 1122 1542 1209 νήφοντα
1587 1123 1678 1190 κὲ.

546 1230 617 1298 G.
667 1231 750 1297 15
797 1229 889 1318 (p.
939 1228 1215 1318 10660):
1269 1226 1310 1316 ἡ
1361 1230 1475 1314 δέ,
1519 1233 1657 1316 τῆς
1698 1232 1838 1315 γῆς
1884 1229 2101 1298 ἐστιν
2148 1227 2403 1318 ὄνομα
2448 1231 2665 1318 μόνον

367 1337 477 1406 καὶ
535 1335 795 1424 δόκημα
848 1334 1278 1424 νυκτερωπὸν
1333 1335 1639 1423 ἐννύχων
1699 1339 2073 1423 σοφιστῶν,
2140 1335 2291 1424 οὐχ,
2356 1335 2575 1427 ῶσπερ
2622 1337 2663 1427 ἡ

370 1449 585 1530 κακία,
645 1446 852 1511 πᾶσιν
911 1440 1394 1530 ὑπερέκκειται,
1459 1443 1570 1510 καὶ
1612 1445 1821 1510 πᾶσιν
1866 1441 2183 1532 ἐναργής,
2249 1440 2532 1526 οὐδενὸς
2576 1443 2667 1526 ῶς

371 1548 708 1640 ἀχρήστου
747 1554 1167 1637 μεταλαβεῖν·
1214 1547 1450 1636 ἥκιστα
1487 1546 1549 1616 δ’
1603 1546 1863 1637 ἀρετῆς,
1909 1539 1961 1616 ῶ
2000 1555 2174 1636 θεοί,
2213 1547 2304 1618 δι’
2354 1547 2443 1638 ἣν
2479 1551 2666 1638 γεγό-

372 1684 611 1747 ναμεν;
671 1659 1000 1725 Reiskius:
1065 1653 1106 1743 ἡ
1178 1654 1252 1723 δὲ
1317 1651 1516 1744 ἀρετή
1584 1657 1767 1724 ἐστιν
1830 1653 2047 1743 ὄνομα
2110 1656 2341 1743 μόνον.
2434 1660 2668 1727 Melius

372 1767 610 1853 Wytt„
665 1767 809 1833 coll.
853 1765 1077 1850 Eurip.
1121 1764 1312 1830 Herc.
1365 1765 1488 1831 fur.
1540 1766 1694 1850 111,
1754 1765 1848 1830 ita
1901 1765 2117 1830 locum
2171 1767 2546 1834 constituit:
2611 1770 2673 1834 εί

374 1871 449 1941 δὲ
511 1869 552 1960 ἡ
620 1869 821 1959 ἀρετή
886 1871 1070 1938 ἐστιν
1125 1866 1294 1957 ὄναρ
1351 1868 1569 1957 μόνον
1614 1910 1696 1918 -
1749 1872 2089 1957 σοφιστῶν
2146 1866 2297 1938 οὐδ’
2359 1868 2579 1959 ῶσπερ
2626 1869 2668 1960 ἡ

372 1985 567 2047 κακία
632 1981 836 2047 πᾶσιν
895 1975 1073 2064 ὕπαρ
1124 1981 1404 2045 ἔκκειται
1455 2017 1531 2025 -
1584 1975 1895 2065 ἐναργής·
1965 1973 2245 2056 οὐδενὸς
2290 1982 2473 2046 ἔσται
2518 2005 2669 2067 χρη-

376 2089 538 2155 στοῦ
584 2089 993 2173 μεταλαβεῖν.
1066 2085 1464 2172 Madvigius:
1511 2081 1552 2171 ἦ
1602 2083 1858 2170 δήπου
1903 2087 2181 2171 χρῆσίς
2227 2085 2409 2152 ἐστιν
2455 2083 2671 2172 ὄνομα

376 2191 608 2281 μόνον.
642 2230 716 2240 -
751 2192 896 2280 Ego
933 2190 1215 2259 conicio:
1254 2193 1316 2257 εί
1351 2188 1427 2257 δὲ
1461 2192 1578 2276 τῆς
1618 2187 1909 2278 [ἆρε]τῆς
1945 2193 2126 2258 ἐστιν
2172 2188 2388 2278 ὄνομα
2431 2189 2670 2277 μόνον,

375 2305 587 2369 cetera
643 2324 787 2368 cum
832 2299 1170 2385 Wyttenb.
1228 2299 1355 2364 nisi
1399 2299 1570 2384 quod
1617 2301 1770 2382 post
1822 2300 2218 2383 μεταλαβεῖν
2265 2323 2518 2366 comma
2562 2323 2669 2386 po-

372 2409 654 2476 nendum
715 2410 780 2472 et
834 2409 984 2493 post
1027 2400 1400 2490 γεγόναμεν
1446 2405 1707 2491 signum
1752 2406 2283 2492 interrogationis
2332 2404 2671 2472 delendum

373 2517 642 2582 videtur.
733 2513 830 2582 Of.
875 2535 937 2599 p.
982 2513 1194 2579 990b:
1240 2500 1283 2601 ᾖ
1328 2511 1699 2597 μυρεψικῆς
1745 2507 1978 2598 ὄνομα.
2059 2535 2120 2597 p.
2172 2512 2372 2578 104b.
2423 2512 2670 2578 1066a:

375 2617 527 2689 οὐδ’
590 2618 759 2708 ὄναρ
818 2622 991 2687 ἰδεῖν
1047 2619 1185 2687 ἐστι
1239 2620 1356 2705 τῆς
1401 2657 1486 2667 —-
1535 2615 1911 2704 ὁμολογίας.
2002 2641 2064 2704 p.
2125 2620 2293 2687 1067
2310 2643 2369 2686 e:
2434 2614 2672 2705 ἀρετῆς

379 2727 454 2796 δὲ
500 2724 658 2815 μηδ’
711 2724 1052 2794 ἐνύπνιον.
1139 2750 1202 2812 p.
1249 2726 1456 2793 565e:
1503 2722 1673 2812 ὄναρ
1720 2722 1987 2812 ἡδονῆς.

554 2835 621 2902 C.
669 2837 754 2902 23
810 2836 954 2900 init.
1009 2834 1442 2901 scribendum:
1506 2830 1730 2899 πόθεν
1792 2824 1947 2917 οὖν,
2012 2836 2255 2919 φησίν,
2315 2828 2672 2919 ἄρξωμαι

377 2966 496 3029 pro
545 2939 844 3029 ἄρξομαι.

555 3050 625 3117 Ο.
660 3051 750 3115 44
798 3048 889 3136 (Ρ.
933 3048 1201 3136 1083f):
1247 3045 1497 3133 ταύτην
1546 3044 1622 3113 δὲ
1666 3043 1790 3132 τὴν
1838 3046 1911 3113 ἐν
1958 3041 2121 3132 ἡμῖν
2170 3043 2518 3133 ἑτερότητα
2562 3044 2673 3113 καὶ

375 3154 636 3245 φορὰν
665 3150 890 3235 οὐδεὶς
917 3157 1180 3222 διεῖλεν.
1227 3154 1433 3240 wytt.
1455 3155 1757 3221 coniecit:
1788 3150 2149 3240 διαφοράν,
2179 3153 2351 3239 quod
2377 3152 2673 3218 Duebne-

377 3289 488 3332 rus
543 3266 804 3349 recepit.
894 3260 1048 3329 Non
1104 3262 1583 3329 sollicitandum
1630 3261 2014 3328 vocabulum
2061 3256 2355 3345 φοράν,
2411 3260 2451 3324 i.
2498 3282 2550 3325 e.
2595 3254 2672 3325 τὸ

380 3371 712 3458 φέρεσθαι
757 3367 868 3436 καὶ
915 3369 1081 3456 ῥεῖν,
1127 3373 1200 3434 ut
1247 3372 1312 3434 et
1358 3391 1553 3452 supra
1598 3368 1786 3433 dixit:
1832 3364 1906 3432 τὸ
1954 3364 2077 3451 μὲν
2122 3360 2225 3431 ἀεὶ
2272 3364 2379 3451 ῥεῖ
2412 3363 2524 3430 καὶ
2560 3364 2675 3449 φέ-

379 3502 582 3567 ρεται,
631 3482 698 3543 et
741 3478 934 3562 paulo
981 3480 1161 3561 post:
1207 3476 1296 3565 τῷ
1345 3473 1470 3562 μὲν
1516 3469 1621 3541 ἀεὶ
1669 3472 1933 3559 ῥέοντες
1976 3473 2177 3559 μέρει.

556 3586 626 3654 G.
655 3587 738 3651 47
771 3582 861 3671 (p.
887 3584 1054 3650 1087
1070 3580 1166 3670 a):
1193 3577 1340 3648 ἀλλ’
1377 3577 1551 3648 οὕτω
1580 3576 2175 3666 παρακούοντες
2203 3577 2479 3663 ἑαυτῶν,
2509 3576 2675 3647 ῶστε

387 3732 460 3743 -
501 3732 578 3743 --
609 3688 1062 3760 ὑποτίθεσθαι
1088 3687 1180 3756 κὲ.
1251 3689 1461 3775 Wytt.
1499 3689 1889 3772 suspicatur:
1928 3682 2449 3773 παρακούουσιν.
2521 3686 2675 3754 For·

382 3824 560 3886 tasse
598 3816 1055 3903 supplendum:
1101 3790 1619 3900 παρακούοντέ(
1660 3782 1907 3895 [ΕῙΕΙΝ]
1948 3808 2220 3878 ἑαυτῶν.
2286 3812 2365 3878 ef.
2392 3835 2453 3896 Ρ.
2474 3811 2605 3877 815
2625 3834 2677 3876 ο.

379 3927 555 3993 1008
572 3948 622 3992 e.
675 3924 918 3990 102οᾶ.

556 4032 654 4100 Ne
711 4029 1031 4099 suaviter
1084 4028 1373 4112 quidem
1429 4027 1577 4095 vivi
1633 4044 1841 4112 posse
1896 4043 2031 4093 see.
2088 4024 2483 4110 Epicurum
2538 4047 2591 4090 c.
2637 4026 2711 4089 2.

381 4139 471 4228 (Ρ.
522 4138 770 4227 10870)
826 4140 1024 4204 immo
1081 4137 1337 4228 corrig:
1403 4135 1623 4212 δοκεῖς
1679 4123 1806 4200 οὖν
1860 4158 1976 4220 μοι
2030 4129 2120 4220 μὴ
2167 4127 2243 4199 τὸ
2288 4125 2423 4216 ἡδὺ
2472 4130 2678 4211 ἐξαιο

383 4252 555 4331 ρεῖν
590 4269 711 4332 pro
758 4245 1066 4332 ἐξαίρειν.

563 4353 634 4421 Ο.
673 4354 714 4419 3
754 4351 843 4439 (Ρ.
887 4353 1055 4419 1087
1071 4351 1134 4437 f)
1180 4351 1387 4417 adhuc
1433 4350 1674 4415 editur:
1718 4348 1833 4416 ἘΚ
1882 4345 1957 4415 δὲ
2000 4348 2123 4414 τοῦ
2167 4342 2385 4413 πόνου
2430 4342 2681 4432 μάρτυς

388 4456 425 4527 ὁ
473 4457 820 4546 Αἰσχύλου
861 4454 1270 4544 Φιλοκτήτης
1301 4441 1558 4534 ἶκανός.
1633 4454 2007 4543 Corrigunt:
2053 4450 2089 4521 ὁ
2132 4451 2216 4521 δὲ
2250 4454 2393 4520 τοῦ
2428 4450 2682 4520 πόνου
