3200 5175
1278 341 1767 406 -131—

560 557 648 568 --—
678 515 852 603 KE',
881 517 922 600 ἓ
959 522 991 584 1
1025 517 1112 614 (p.
1141 521 1270 585 909
1290 513 1428 606 f):’
1418 519 1860 606 Αριστοτέλης
1895 516 2132 587 κοινὸν
2159 518 2283 606 μὲν
2307 516 2429 588 τὸν
2456 517 2676 588 ὕπνον

383 622 685 711 σώματος
729 625 839 692 καὶ
890 629 1132 713 ψυχῆς·
1189 629 1356 694 ἔστι
1412 621 1476 692 δ’
1536 623 1744 718 αὐτῷ
1797 622 1874 692 τὸ
1929 621 2411 714 ἆναθυμιαθέν
2460 623 2677 714 ὑγρὸν

383 728 511 798 ἀπὸ
556 735 680 800 τοῦ
735 729 1048 820 θωρακος
1092 737 1188 811 εἰς
1230 730 1390 812 τοὺς
1431 733 1582 821 περὶ
1638 730 1761 819 τὴν
1819 730 2119 821 κεφαλὴν
2172 731 2435 812 τόπους.
2517 736 2680 801 Post

385 855 688 944 σώματος
721 858 1137 924 inserendum
1165 882 1311 926 eum
1340 859 1586 926 Galeno
1616 854 1812 943 εἶναι,
1850 861 1890 926 i.
1922 883 1974 925 e.
2003 857 2305 945 σώματος
2332 835 2674 948 [εἷνΑΙ]κΑῙ

383 966 618 1049 ψυχῆς.
690 964 941 1032 Deinde
967 963 1352 1032 Duebnerus
1379 988 1718 1051 perperam
1754 968 2100 1052 supplevit:
2138 969 2277 1032 ἔστι
2305 961 2370 1031 δ’
2408 965 2675 1055 [αἴτιον]

384 1066 625 1150 αὐτοῦς
669 1073 837 1138 nihil
883 1071 1088 1158 deest,
1134 1074 1264 1139 nisi
1309 1073 1482 1159 quod
1527 1075 1668 1140 ἔστι
1722 1075 1793 1140 in
1848 1080 2068 1139 αἴτιον
2119 1074 2501 1141 mutandum
2561 1082 2677 1165 est.

386 1178 780 1246 Oonfusione
825 1181 1170 1246 verborum
1227 1183 1390 1246 ἔστι
1445 1185 1511 1247 et
1566 1183 1680 1247 ἔτι
1732 1182 1898 1246 nihil
1955 1183 2373 1266 frequentius.
2441 1181 2680 1248 Fuerat

385 1287 632 1353 scilieet
667 1287 740 1352 in
775 1287 1021 1354 codiee:
1061 1289 1196 1373 ΕΤΙ,
1235 1289 1634 1374 compendio,
1656 1289 1946 1373 syllabae
1970 1291 2093 1355 -ΟΝ
2134 1289 2471 1374 exstineto,
2511 1288 2677 1355 unde

383 1395 683 1461 librarius
749 1395 950 1461 dedit:
1001 1393 1239 1483 ,ἒ(σ)τι,
1303 1418 1449 1461 oum
1524 1397 1947 1481 oportuisset:
2013 1394 2309 1483 αἴτι(ον).
2383 1398 2451 1462 ΑΙ
2494 1427 2579 1450 ==
2617 1397 2679 1461 Ε.

384 1500 673 1568 Similem
719 1502 792 1568 in
834 1502 1097 1578 modum
1142 1525 1204 1588 p.
1249 1504 1377 1568 401
1412 1504 1480 1568 b:
1529 1499 1922 1588 αἰτιώμενος
1968 1508 2034 1569 et
2084 1499 2486 1588 ἑστιώμενος
2528 1526 2679 1569 eon-

385 1608 762 1675 funduntur.

560 1716 812 1783 Ibidem
838 1740 902 1803 p.
931 1719 1062 1784 910
1083 1739 1149 1784 a:
1185 1713 1565 1796 Λεύκιππος
1601 1712 1697 1784 οὐ
1731 1714 1982 1803 μόνον
2019 1714 2321 1802 σώματος
2346 1721 2683 1802 γίνεσθαι,

382 1817 554 1889 ἀλλὰ
597 1820 828 1910 κράσει
871 1825 998 1892 τοῦ
1040 1827 1483 1910 λεπτομεροῦς
1525 1827 1787 1891 πλείονι
1830 1825 1948 1910 τῆς
1984 1821 2353 1911 ἐκκράσεως
2394 1826 2520 1892 τοῦ
2557 1837 2681 1905 ψυ-

383 1931 576 2014 χικοῦ
620 1931 884 2019 θερμοῦ
927 1926 1049 1998 τὸν
1083 1929 1531 2017 πλεονασμόν,
1569 1935 1793 1999 αἰτίαν
1827 1929 2150 2000 θανᾶτου.
2225 1932 2447 1999 Verba
2484 1955 2681 2000 sensu

385 2059 571 2104 cassa
617 2036 919 2105 Reiskius
975 2039 1270 2124 corrigit.
1329 2036 1528 2106 Λεύκ.
1584 2034 1669 2105 οὐ
1721 2036 1904 2128 κόπω
1960 2036 2265 2125 στόματος
2321 2039 2439 2128 (se.
2484 2039 2682 2126 φησί)

385 2139 506 2209 τὸν
566 2139 783 2212 ὕπνον
843 2149 1157 2229 γίνεσθαι
1201 2183 1289 2193 ——
1339 2147 1458 2231 τῆς
1516 2144 1888 2234 ἐγκράσεως
1945 2148 2067 2214 τοῦ
2114 2186 2201 2196 --
2246 2149 2537 2234 θερμοῦ,
2599 2136 2685 2213 οὗ

385 2247 506 2317 τὸν
551 2258 774 2318 πλεον.
853 2251 1012 2318 Alii:
1061 2247 1145 2318 οὗ
1190 2249 1408 2338 μόνον
1453 2251 1616 2339 σώμ.
1674 2251 1883 2344 κόπω
1936 2250 2157 2321 ὕπνον
2210 2257 2549 2340 γίνεσθαι,
2600 2292 2675 2302 -

383 2360 502 2444 τῆς
547 2357 897 2447 ἐκκρίσεως
938 2361 1063 2426 τοῦ
1107 2397 1196 2406 ——
1239 2361 1530 2447 θερμοῦ,
1581 2385 1706 2426 τον
1747 2360 1979 2450 ζπλεον.
2032 2400 2107 2410 —
2158 2360 2462 2429 Fortasse
2530 2364 2683 2430 scri-

385 2465 694 2532 bendum:
740 2462 939 2532 Λεύκ.
984 2462 1240 2534 ὕπνον
1286 2463 1588 2554 σώματος
1634 2471 1947 2552 γίνεσθαι
1990 2465 2115 2556 ’ἅμ’
2170 2467 2516 2556 ἐκκρίσει
2558 2469 2683 2534 τοῦ

386 2572 828 2659 λεπτομεροῦς
890 2576 1174 2639 πλείονι·
1237 2574 1355 2659 τῆς
1418 2567 1482 2640 δ’
1552 2572 1975 2661 ἐκκρίσεως
2035 2576 2159 2641 τοῦ
2221 2589 2375 2662 ψυχ.
2436 2583 2506 2643 θ.
2561 2571 2683 2643 τὸν

387 2675 814 2765 πλεονασμὸν
859 2682 1083 2746 αἰτίαν
1125 2677 1450 2748 θανάτου.

531 2826 653 2877 ⁶—-
697 2784 858 2873 K5'‚
913 2790 954 2869 ἓ
999 2788 1044 2852 4
1098 2787 1186 2874 (p.
1242 2789 1374 2854 910
1403 2786 1490 2876 e):
1553 2785 1714 2867 τοὺς
1778 2786 1853 2855 δὲ
1915 2785 2213 2877 καρποὺς
2274 2787 2682 2876 περιττεύ-

387 2918 589 2979 ματα
644 2890 819 2960 εἶναι
875 2894 951 2961 ἐν
1004 2905 1145 2972 τοῖς
1197 2906 1435 2981 φυτοῖς
1486 2891 1733 2975 ὕδατος
1784 2895 1896 2962 καὶ
1948 2894 2178 2983 πυρός.
2261 2896 2683 2966 Scribendum

389 3022 535 3066 eum
581 3000 856 3068 Galeno:
904 3039 988 3050 —
1034 2999 1552 3088 περιττώματα
1598 2998 1774 3070 εἶναι
1813 3002 1993 3093 (τοῦ)
2036 3003 2112 3070 ἐν
2146 3013 2286 3083 τοῖς
2320 3030 2391 3090 φ.
2426 3001 2488 3071 ὕ.
2526 3030 2585 3071 κ.
2620 3028 2684 3071 π.

567 3145 650 3157 -—
680 3104 854 3193 ΚΘ’,
891 3112 932 3191 ἓ
965 3112 997 3175 1
1033 3107 1123 3196 (p.
1153 3111 1286 3176 910
1304 3108 1369 3199 e)
1400 3112 1854 3198 corrigendum
1890 3135 2037 3178 eum
2067 3111 2338 3179 Galeno:
2383 3110 2687 3211 Πυρετός

389 3214 527 3281 ἐστι
561 3216 810 3301 κίνημα
851 3216 1127 3302 αἳματος
1173 3215 1861 3305 παρεμπεπτωκότος
1906 3217 2052 3306 (pro
2098 3214 2682 3306 παρεμπεπτωκὸς)

390 3323 485 3399 εἰς
527 3318 609 3388 τὰ
661 3361 738 3371 —-
787 3316 1038 3408 ἀγγεῖα.

568 3429 1031 3518 quaestiones
1080 3431 1452 3499 naturales
1500 3430 1681 3516 KA',
1717 3435 1758 3514 ἓ
1792 3434 1825 3498 1
1871 3431 1961 3520 (p.
1989 3434 2118 3499 917
2149 3430 2248 3520 b):
2287 3428 2454 3498 ὥστε
2491 3425 2533 3517 ἢ
2573 3428 2686 3498 διὰ

387 3532 465 3603 τὸ
513 3531 617 3603 ἀεὶ
664 3548 1001 3621 συνεῖναι,
1055 3530 1098 3623 ἦ
1145 3534 1242 3624 μὴ
1289 3541 1602 3623 γίνεσθαι
1658 3540 2060 3625 περίττωμα,
2120 3532 2163 3625 ἢ
2218 3538 2329 3606 καὶ
2384 3535 2459 3605 τὸ
2526 3556 2684 3605 συν-

388 3643 757 3730 τρέφεσθαι
805 3682 889 3693 ——
936 3639 1323 3731 ἀνάμνησιν
1382 3658 1564 3713 ποιεῖ
1620 3647 1758 3713 τῶν
1810 3642 2234 3732 ἀφροδισίων
2285 3644 2376 3713 κὲ.
2466 3646 2687 3714 Verba

389 3750 750 3838 incongrua
792 3753 1135 3837 transponi
1188 3752 1383 3819 iussit
1425 3752 1640 3839 Wytt.
1686 3755 1757 3819 in
1810 3753 1983 3819 huno
2034 3754 2325 3821 modum:
2381 3748 2549 3819 ὥστε
2594 3749 2685 3841 μὴ

389 3857 704 3942 γίνεσθαι
758 3859 1150 3945 περίττωμα.
1219 3852 1317 3924 ’Ἡ
1360 3856 1435 3925 τὸ
1492 3855 1596 3926 ἀεὶ
1656 3868 1960 3927 συνεῖναι
2012 3859 2124 3925 καὶ
2188 3859 2687 3946 συντρέφεσθαι

390 3961 480 4030 κὲ.
561 3964 799 4032 Lenius
855 3967 1099 4052 possis:
1145 4004 1228 4015 —-
1277 3959 1318 4051 ἢ
1364 3968 1679 4051 γίνεσθαι
1724 3970 2116 4056 περίττωμα.
2177 3968 2386 4035 deleto
2443 3963 2565 4053 μή,
2611 3970 2687 4032 ut

392 4068 770 4137 Duebnerus
817 4073 1031 4138 vertit.

570 4216 656 4230 —-
704 4175 884 4264 KP',
910 4182 951 4261 ἓ
986 4181 1018 4244 1
1053 4177 1142 4265 (p.
1169 4180 1298 4246 917
1322 4177 1411 4267 e):
1457 4177 1702 4258 ταύτας
1729 4177 1805 4246 δὲ
1848 4182 1972 4248 τοῦ
2009 4183 2205 4265 ἔαρος
2239 4180 2686 4269 ἐξαμαυροῦσι

391 4282 504 4353 καὶ
559 4284 960 4370 συγχέουσιν
1016 4286 1093 4351 αἱ
1138 4291 1436 4352 πλεῖσται
1493 4288 1631 4352 τῶν
1684 4288 1917 4372 φυτῶν
1970 4286 2080 4354 καὶ
2134 4288 2271 4356 τῶν
2326 4283 2687 4376 ὑλημᾶτων

394 4388 616 4480 ὀσμαί,
660 4388 857 4480 ὑπὲρ
901 4388 1043 4478 τὴν
1088 4387 1437 4478 ἄνθησιν
1483 4388 1963 4480 ὑπερχεόμεναι
2016 4392 2126 4461 καὶ
2180 4392 2689 4483 κεραννύμεναι,

391 4501 784 4586 περιπατῶ
799 4516 876 4565 σι
945 4496 1058 4565 καὶ
1123 4500 1536 4567 διαπλανῶσι
1608 4497 1725 4580 τὰς
1780 4499 1991 4581 κύνας
2051 4504 2169 4589 τῆς
2224 4504 2362 4569 τῶν
2420 4507 2689 4591 θηρίων

2183 4613 2259 4667 9*
