3200 5175
1437 77 1476 99 U

1358 350 1432 360 —
1536 316 1840 381 107—

447 492 608 576 φαίη
663 514 764 569 τις
819 484 906 556 ἃν
961 486 1161 556 εἶναι·
1214 488 1407 559 κατὰ
1451 488 1736 578 κράτος
1782 491 1857 559 ἐν
1902 486 2161 578 αὐτοῖς,
2216 494 2484 579 πρῶτον
2528 491 2653 579 μὲν
2699 490 2735 561 6

445 592 782 685 ἀρχιερεὺς
826 596 1076 683 ἐλέγχει
1119 604 1254 665 κτλ.
1325 598 1431 665 Ita
1477 599 1659 666 codd.
1693 599 1901 686 Wytt.
1950 601 2252 667 coniecit:
2297 597 2463 667 κατὰ
2498 599 2739 688 κράτος

446 701 520 771 δὲ
570 700 729 782 τοὺς
794 704 1353 792 ἐναντιουμένους
1413 705 1681 793 πρῶτον
1734 703 1859 790 μὲν
1902 712 2035 773 κτλ.
2126 707 2517 795 Madvigius:
2571 706 2737 776 κατὰ

441 808 682 899 κράτος
735 808 810 877 δὲ
863 808 1048 890 τοὺς
1102 813 1525 891 ἐναντίους
1565 813 1835 898 πρῶτον
1881 813 2021 899 μέν.
2112 814 2324 880 Locus
2370 816 2625 881 videtur
2672 820 2738 883 ot

445 918 573 985 alia
627 919 786 994 ¹viizia
843 919 1014 985 alere
1070 923 1136 985 et
1191 920 1440 986 duabus
1495 921 1745 986 lacunis
1792 921 2109 1007 laborare,
2156 923 2391 1006 quibus
2436 945 2539 988 mo
2584 923 2737 989 sub-

441 1025 658 1091 venire
703 1026 772 1091 in
815 1025 988 1091 hunc
1032 1026 1296 1092 modum
1340 1030 1530 1113 puto:
1575 1025 1687 1092 καὶ
1731 1016 1977 1093 τᾶλλα
2012 1024 2138 1114 μὲν
2173 1025 2399 1095 εἰκότα
2435 1032 2600 1114 φαίη
2638 1052 2738 1106 τις

443 1168 597 1253 ’'AN,
643 1167 834 1235 ἈΛΝ
881 1162 1060 1251 [οὐκ]
1101 1164 1276 1234 εἶναι
1311 1167 1443 1235 καὶ
1489 1164 1833 1253 ἄκρατον
1870 1168 1945 1235 ἐν
1982 1152 2259 1238 αὐτΟῙΕ·
2306 1137 2523 1253 [ΟῨΕ]
2561 1172 2736 1254 πρῶ-

441 1298 562 1341 τον
606 1272 730 1359 μὲν
779 1270 815 1340 6
857 1269 1198 1362 ἀρχιερεὺς
1241 1274 1508 1361 ἐλέγχει.
1578 1275 1854 1364 Ιηεοᾳᾳ.
1888 1277 2147 1363 quidem
2192 1279 2359 1344 nihil
2406 1279 2581 1343 aliud
2628 1277 2737 1343 do·

446 1387 612 1468 cent,
659 1405 853 1468 quam
903 1383 1097 1448 etiam
1141 1383 1394 1449 Iudaeis
1441 1406 1690 1449 merum
1736 1384 2054 1450 usitatum
2099 1384 2320 1451 fuisse.
2383 1384 2602 1450 Verba
2648 1378 2740 1461 ὥς

440 1487 551 1554 καὶ
595 1484 750 1573 παρ’
801 1483 965 1574 ἡμῖν
998 1526 1074 1537 -—
1107 1488 1687 1577 προσαγορεύουσι
1722 1480 2163 1575 parenthetice
2198 1489 2491 1575 legenda.
2563 1494 2736 1555 Χαλ-

440 1592 856 1681 κοὸρυστάςε
892 1593 1472 1681 χαλκοκοδρυστάς
1540 1592 1781 1664 Coraes
1851 1601 2077 1665 nosizer
2136 1597 2524 1663 emendavit:
2587 1603 2735 1682 χαλ-

439 1699 819 1789 κοκρότους.
881 1702 1276 1769 'I'erminatio
1304 1740 1390 1751 —
1425 1700 1561 1781 τάς
1608 1706 1917 1770 articulus
1963 1705 2216 1770 videtur
2262 1726 2400 1769 esse
2437 1705 2734 1770 vocabuli

441 1810 720 1896 proximi
763 1806 1062 1894 τιθήνας.

617 1914 756 1980 Lib.
803 1915 881 1981 V.
925 1938 1212 2001 prooem.
1269 1915 1360 2004 (p.
1406 1919 1536 1984 673
1567 1916 1666 2006 b):
1722 1916 1835 1984 καὶ
1884 1920 1957 1984 οί
1995 1916 2303 2003 φορτικοὶ
2348 1916 2460 1983 καὶ
2505 1912 2736 2001 ἀφιλό-

441 2029 633 2108 λογοι
686 2018 846 2109 μετὰ
899 2019 974 2090 τὸ
1035 2024 1314 2090 δεῖπνον
1369 2021 1476 2110 ἐφ’
1537 2021 1791 2109 ἡδονὰς
1844 2022 2069 2111 ἑτέρας
2112 2062 2200 2073 --
2243 2020 2369 2109 τὴν
2417 2020 2737 2089 διάνοιαν

443 2124 850 2214 ἀπάγουσιν,
913 2131 1270 2214 αἰνίγματα
1314 2128 1425 2196 καὶ
1477 2135 1767 2216 γρίφους
1818 2130 1928 2197 καὶ
1984 2131 2211 2209 θέσεις
2264 2126 2617 2215 ὀνομάτων
2661 2128 2737 2195 ἐν

441 2232 760 2322 ἀριθμοῖς
829 2231 1350 2321 ὑποσύμβολα
1420 2235 1925 2324 προβάλλοντες.
2029 2237 2157 2303 Pro
2230 2260 2387 2303 voce
2460 2237 2739 2303 obscura

440 2339 881 2429 ὑποσύμβολα
945 2345 1293 2409 coniciunlz:
1357 2338 1490 2410 ὑπὸ
1548 2341 1854 2429 σύμβολα
1908 2345 2011 2410 vel
2062 2343 2174 2410 καὶ
2229 2339 2396 2409 ἄλλα
2440 2337 2737 2429 ὑποσύμ-

441 2453 631 2534 βολα,
676 2451 809 2516 vel:
855 2446 966 2515 καὶ
1005 2446 1327 2535 σύμβολα.
1399 2450 1705 2517 Fortasse
1742 2452 1981 2537 corrig:
2027 2445 2158 2517 ἀπὸ
2199 2450 2557 2536 συμβολῆς,
2603 2452 2643 2515 i.
2682 2473 2736 2515 e.

440 2580 560 2645 pro
617 2579 737 2624 sua
792 2558 1058 2644 quisque
1113 2563 1298 2645 parte
1347 2559 1723 2646 aenigmata
1768 2563 1835 2625 et
1880 2558 2147 2645 griphos
2194 2562 2259 2625 et
2306 2558 2543 2625 similia.
2587 2580 2733 2643 pro-

443 2670 713 2750 ponam,
756 2668 831 2731 ub
874 2667 944 2730 in
987 2666 1106 2731 tali
1151 2690 1222 2732 re
1270 2669 1529 2732 solitam
1567 2672 1684 2734 est.
1750 2668 1830 2733 cf.
1866 2691 1929 2752 p.
1970 2669 2177 2733 717a:
2224 2668 2584 2751 αἰνίγματα
2620 2664 2734 2731 καὶ

443 2775 730 2857 γρίφους
773 2766 817 2838 ἆ
827 2778 865 2838 λ
876 2776 915 2838 λ
927 2769 971 2856 ἦ
983 2777 1020 2838 λ
1034 2797 1071 2839 ο
1081 2799 1105 2838 ι
1119 2798 1152 2851 ς
1197 2770 1670 2858 προβάλλουσι.

619 2935 707 2946 -—
741 2896 861 2981 III,
900 2898 940 2962 3
981 2895 1070 2981 (p.
1110 2895 1342 2983 676f):
1391 2895 1462 2961 ἐκ
1507 2892 1582 2962 δὲ
1611 2894 1874 2981 Νεμέας
1917 2893 2081 2962 κατὰ
2131 2897 2329 2979 ζῆλον
2365 2890 2401 2961 6
2438 2897 2581 2962 τοῦ
2620 2913 2737 2962 σε-

443 3007 674 3070 λίνου
722 3001 943 3084 ξένος
982 2996 1081 3068 ω”ν
1119 3001 1472 3087 ἐπεισῆλθε
1505 3000 1619 3068 καὶ
1652 3002 1986 3090 κρατήσας
2021 2996 2423 3088 ἠμαύρωσεν
2459 3001 2738 3070 ἐκεῖνον.

446 3110 666 3197 δὺοΡΙι.
723 3110 1060 3177 annotavit
1113 3131 1337 3175 vocem
1393 3108 1725 3194 στέφανος
1782 3114 1897 3175 aut
1947 3109 2296 3176 desiderari
2343 3112 2456 3175 aut
2502 3111 2732 3176 subau-

442 3218 595 3302 diri3
651 3239 795 3282 cum
852 3217 1182 3282 subaudiri
1234 3240 1371 3283 non
1413 3219 1651 3304 possit,
1708 3218 2160 3303 supplendum:
2216 3212 2252 3282 6
2299 3217 2421 3282 τοῦ
2468 3221 2738 3286 σελίνου

446 3317 904 3427 [ετὲφαΝοε]
953 3317 1218 3408 ΞὲΝο(
1275 3335 1375 3407 ὢν
1429 3340 1521 3408 κε.
1620 3341 1719 3407 De
1773 3363 1843 3406 re
1901 3341 2123 3406 eadem
2179 3363 2239 3425 p.
2289 3340 2416 3405 677
2447 3341 2491 3405 b
2548 3341 2738 3406 dixit:

445 3448 514 3514 ἐκ
567 3450 684 3534 τῆς
727 3449 1076 3534 Νεμεακῆς
1129 3444 1566 3534 πανηγύρεως
1620 3443 2031 3532 μετήνεγκαν
2088 3446 2388 3512 ἐνταῦθα
2439 3442 2561 3512 τὸν
2613 3447 2736 3512 τοῦ

377 3603 396 3624 .
445 3559 715 3622 σελίνου
762 3554 1175 3639 στέφανον.
2212 3543 2220 3550 ”

629 3719 706 3730 -
745 3680 826 3766 X,
868 3681 901 3745 1
951 3679 1040 3767 (Ρ.
1079 3677 1312 3760 684f):
1361 3677 1647 3745 ἐπέτεινε
1685 3676 1760 3745 δὲ
1803 3675 1930 3764 τὴν
1973 3675 2265 3767 ἀπορίαν
2302 3675 2378 3744 τὸ
2423 3674 2581 3756 τοὺς
2617 3679 2736 3743 Αἰ-

446 3789 764 3872 γυπτίους
810 3787 1023 3873 ἱερέας
1067 3782 1372 3872 ἁγνοὺς
1418 3783 1653 3866 ὄντας
1698 3781 2061 3872 ἀπέχεσθαι
2105 3782 2180 3853 τὸ
2226 3782 2503 3871 πάμπαν
2537 3779 2737 3850 ἁλῶν.

447 3894 633 3972 Quod
686 3894 896 3980 Wytt„
959 3919 1076 3982 pro
1139 3891 1436 3980 ἁγνοὺς
1499 3891 1538 3961 ὅ
1549 3919 1609 3962 ν.
1674 3895 2039 3981 suspicatur
2103 3888 2514 3978 ἁγνεύοντας
2578 3893 2645 3956 cf·
2697 3915 2737 3957 a

447 4003 770 4068 sententia
824 4026 989 4090 quae
1045 4001 1502 4088 βουλομένους
1558 3997 1810 4086 ἁγνοὺς
1864 3996 2038 4066 εἶναι
2093 3999 2364 4085 requirit
2417 4020 2735 4064 commen-

447 4108 637 4174 dalzur
699 4110 766 4174 elz
816 4109 1128 4193 proximis
1185 4106 1278 4194 (p.
1323 4109 1454 4175 685
1481 4107 1576 4195 a):
1643 4103 2092 4192 φυλάττονται
2146 4101 2738 4190 καθαρεύοντες

449 4215 880 4281 confirmatur.
961 4211 1400 4299 Ἁγνεύοντας
1444 4215 1607 4280 dixit
1649 4237 1709 4299 Ρ.
1760 4215 1887 4279 729
1917 4237 1973 4278 a.
2038 4211 2271 4292 Coriol.
2320 4213 2405 4279 39
2454 4216 2519 4277 et
2564 4213 2739 4278 alibi.

629 4375 704 4387 --
745 4337 867 4424 III,
920 4341 951 4404 1
1004 4336 1093 4424 (Ρ.
1141 4339 1270 4404 989
1299 4335 1372 4425 b)
1411 4338 1614 4404 scrib:
1659 4349 1800 4415 τοῖς
1845 4334 1919 4403 δὲ
1964 4338 2211 4415 διψῶσι
2253 4331 2737 4403 τούναντίον

447 4467 564 4530 pro
611 4444 939 4512 ἐναντίον.
