3200 5175
1261 309 1697 375 -41—

321 486 666 575 τιθέμενοι
710 484 786 555 τὸ
835 483 1089 574 σεμνὸν
1131 486 1245 555 καὶ
1288 483 1624 575 ὑπεροψίᾳ
1662 482 2015 565 διώκοντες
2058 485 2177 575 (se.
2224 480 2436 573 αὐτό).
2519 487 2625 553 Ita

326 596 495 661 nihil
553 596 634 662 ad
691 596 1086 661 sententiam
1141 596 1407 682 eiusque
1461 616 1698 660 nexum
1760 592 2175 659 desideratur.
2268 590 2623 689 Locutione

325 704 658 769 τίθεσθαί
695 726 758 769 τι
807 702 882 767 ἔν
937 725 1072 768 τινι
1124 703 1288 769 nihil
1341 702 1759 788 frequentius.
1836 723 1887 768 e.
1935 723 1987 769 e.
2042 701 2121 769 ef.
2176 700 2368 768 Dion.
2422 702 2493 768 4:
2548 701 2625 768 ἐν

323 806 615 896 ἡδοναῖς
660 846 744 857 -
791 808 1146 894 τιθεμένης
1187 806 1263 875 τὸ
1309 805 1536 876 καλόν.

510 917 716 984 Paulo
752 921 904 1002 post
947 919 1118 982 reete
1154 915 1522 1002 Madvigius
1561 913 1629 995 ἐξ
1669 911 1970 1001 ἀπειρίας
2012 953 2087 964 -
2130 914 2379 1001 ἐξαιρεῖ
2410 938 2625 982 emen-

335 1025 517 1091 davit
559 1047 677 1110 pro
725 1021 791 1103 ἐξ
837 1017 1118 1109 ἀπορίας
1165 1059 1242 1069 -
1275 1022 1553 1109 ἐξαίρει.
1620 1023 1698 1089 ef.
1745 1023 1973 1089 Pericl.
2020 1025 2081 1089 6.

510 1130 903 1216 Sequuntur:
960 1126 1036 1196 τὸ
1095 1124 1160 1195 δ’
1220 1124 1502 1197 εὔκολον
1563 1128 1676 1196 καὶ
1731 1129 1900 1216 μέγα
1962 1128 2074 1197 καὶ
2129 1125 2622 1218 φιλάνθρωπον

331 1234 458 1306 οὐκ
502 1233 826 1305 ἀπόλλυσι
871 1231 940 1323 (ὁ
979 1232 1355 1322 φιλόσοφος
1391 1234 1643 1324 λόγος),
1690 1238 1803 1304 ubi
1838 1238 2071 1304 vitium
2116 1238 2188 1303 in
2224 1238 2419 1304 verbo
2456 1236 2625 1324 μέγα

327 1347 416 1413 ali
462 1368 684 1414 omnes
731 1344 1160 1411 consentiunt.
1229 1343 1438 1430 Wytt.
1483 1345 1826 1431 proposuit
1871 1340 2140 1430 εὐμενὲς
2181 1343 2294 1411 καὶ
2339 1340 2623 1430 φιλανθ.

331 1453 504 1541 quod
547 1450 1020 1518 Herwerdenus
1065 1452 1322 1537 repetit.
1395 1450 1761 1519 Hereherus
1812 1453 2071 1537 scripsit
2114 1456 2478 1537 μείλιχον
2512 1449 2624 1517 καὶ

327 1566 468 1646 φιλ.
546 1556 892 1633 Neutrum.
913 1559 1238 1625 sententia
1280 1560 1580 1646 requirit,
1636 1558 1750 1625 sed
1804 1558 1975 1645 quod
2030 1560 2245 1625 verbis
2301 1556 2385 1625 τὸ
2439 1576 2623 1643 σεμ-

329 1661 480 1753 μὸν
517 1670 586 1731 et
619 1660 1013 1755 ὑπεροψία
1051 1668 1424 1751 oppositum
1463 1650 1572 1733 sit.
1633 1665 1796 1732 Vitii
1830 1670 2056 1733 tamen
2093 1666 2429 1753 originem,
2477 1688 2623 1731 cum

331 1774 528 1839 latius
574 1776 818 1859 pateat,
865 1795 943 1839 ex
981 1775 1117 1841 alto
1155 1777 1445 1859 repetere
1479 1774 1713 1859 placet.
1776 1774 2031 1840 Primus
2059 1774 2292 1861 Patzig
2332 1771 2623 1860 (Quaest.

327 1880 652 1946 Plutarch.
698 1904 758 1966 p.
804 1878 920 1968 61)
967 1904 1084 1966 pro
1133 1904 1208 1947 eo
1248 1880 1417 1966 quod
1463 1904 1526 1965 p.
1563 1880 1692 1947 551
1724 1903 1758 1947 e
1803 1882 2043 1967 legitur
2078 1876 2623 1966 μεγαλοποὲθειαν

332 1986 691 2053 rectissime
739 1987 1264 2053 substituendum
1302 1988 1485 2054 duxit
1528 1984 2073 2073 μετριοπάθειαν.
2155 1987 2365 2064 Quam
2412 2009 2624 2053 emen-

332 2094 661 2160 dationem
715 2092 999 2160 Gobetus
1060 2095 1291 2160 tribus'
1346 2096 1503 2161 loeis
1567 2096 1821 2162 collatis
1888 2096 2134 2180 optime
2199 2095 2622 2161 confirmavit.

338 2201 515 2280 Quae
561 2204 778 2267 autem
822 2202 892 2267 in
933 2202 1061 2267 fine
1109 2202 1345 2287 adjecit
1393 2201 1530 2268 ‘sed
1575 2203 1745 2269 unde
1792 2225 1945 2269 nam
1992 2202 2294 2269 mendum
2339 2202 2463 2269 hoe
2509 2224 2625 2266 na-

332 2313 472 2375 tum
517 2330 658 2375 esse
700 2308 1043 2394 putemus?
1117 2307 1370 2394 Nempe
1407 2331 1485 2375 ex
1521 2310 1755 2376 lacuna
1791 2310 2052 2378 Me***
2074 2310 2478 2376 ΟΠΑΘΕΙΑΝ
2519 2330 2622 2373 ex-

328 2416 508 2499 pleta
544 2418 618 2480 ut
661 2413 773 2479 isti
811 2414 1053 2481 solent'
1101 2415 1260 2481 mihi
1300 2416 1561 2502 quidem
1597 2439 1733 2483 non
1767 2416 2141 2502 probantur.
2212 2414 2418 2481 Error
2454 2416 2624 2481 enim

329 2522 600 2607 librarii,
628 2543 706 2588 ex
743 2544 837 2608 ee,
867 2522 1040 2610 quod
1072 2508 1300 2590 literae
1333 2526 1374 2591 Γ
1403 2527 1470 2591 et
1495 2526 1564 2611 T,
1603 2526 1653 2592 Ν
1681 2528 1747 2592 et
1776 2527 1821 2591 Ρ
1852 2523 2226 2610 saepissime
2254 2525 2625 2609 permutan-

329 2633 455 2715 tur,
493 2633 673 2696 ortus
712 2653 854 2697 esse
891 2631 1157 2697 videtur.
1202 2631 1561 2698 Ostendent
1589 2633 1943 2717 scripturae
1980 2629 2624 2699 ΜΕΤΗΙΟΠΑΘΕΙΑε

331 2738 909 2805 ΜΕΓΜΟΠΑΘΕΙΑ
929 2763 944 2804 :
967 2738 1593 2806 ΜΕΓΑΛΟΠΑΘΕΙΑ.
1684 2739 1861 2818 Quae
1926 2740 2017 2804 si·
2046 2739 2205 2803 mihi
2270 2725 2649 2805 concedam-¹

329 2847 464 2930 tur,
528 2845 682 2930 quid
739 2845 810 2909 in
872 2841 1038 2929 μέγα
1102 2845 1305 2911 lateat
1364 2846 1554 2912 facile
1628 2847 1895 2932 reperiri
1965 2848 2201 2930 potest.
2290 2845 2624 2912 Librarius

333 2953 502 3018 enim
568 2955 682 3018 aut
734 2953 935 3018 lector
988 2951 1249 3037 quidam
1305 2953 1531 3018 doctus
1586 2954 1810 3020 eadem
1864 2953 2147 3038 ratione,
2202 2975 2329 3038 qua
2384 2952 2625 3037 saepis-

334 3059 494 3126 sime
539 3059 731 3126 huius
778 3060 1013 3126 aetatis
1050 3060 1258 3126 eritiei
1297 3063 1590 3146 utuntur,
1642 3061 1814 3147 quod
1848 3061 2182 3126 invenerat
2220 3055 2621 3146 ΜΕΓΛ(ΛΟΝ

333 3167 374 3232 i.
431 3189 482 3232 e.
538 3163 855 3252 μεγαλον,
921 3171 994 3232 ut
1058 3166 1229 3251 quod
1293 3189 1371 3231 ex
1435 3167 1895 3233 consuetudine
1959 3167 2197 3233 vitiosa
2256 3169 2627 3231 revocatum

334 3275 582 3360 fuisset,
626 3274 694 3340 in
740 3271 907 3359 μέγα
952 3273 1226 3359 refinxit,
1274 3295 1419 3340 cum
1457 3274 1787 3341 debuisset
1832 3272 2128 3360 μέτριον,
2166 3272 2337 3358 quod
2384 3275 2450 3338 et
2487 3295 2626 3338 sen-

332 3382 542 3448 tentia
584 3381 857 3466 requirit
902 3378 1150 3466 (agitur
1194 3381 1368 3446 enim
1413 3379 1563 3466 περὶ
1609 3381 1726 3466 τῆς
1771 3380 1845 3447 ἐν
1901 3391 2042 3458 τοϊς
2096 3379 2394 3456 ἐπαίνοις
2438 3373 2628 3444 εὐλα-

331 3490 514 3572 βείας
564 3485 677 3553 καὶ
731 3484 1247 3574 μετριότητος
1300 3513 1358 3555 v.
1405 3490 1544 3554 init.
1600 3487 1768 3576 cap.)
1824 3493 1890 3554 et
1945 3487 2156 3554 verbis
2210 3482 2508 3572 σεμνόν
2554 3489 2620 3550 et

332 3590 722 3683 ὑπεροψίᾳ
785 3599 958 3662 reete
1021 3596 1286 3662 tandem
1351 3597 1721 3681 opponitur.
1832 3593 1929 3661 Cf.
1992 3594 2261 3662 Romul.·
2307 3594 2415 3659 16:
2456 3583 2618 3658 ’ἐπι-

333 3703 474 3786 εικῆ
519 3698 632 3766 καὶ
677 3699 954 3787 μέτρια.“
997 3725 1060 3786 p.
1097 3701 1230 3768 250
1257 3703 1309 3768 f:
1355 3698 1523 3787 πρὸς
1569 3695 1775 3768 οὐδὲν
1812 3697 2087 3778 ἐπιεικὲς
2130 3696 2290 3767 οὐδὲ
2334 3697 2625 3786 μέτριον.

335 3810 464 3875 279
502 3831 561 3874 e:
632 3805 770 3874 ἐπεὶ
835 3801 898 3873 δ’
965 3801 1090 3874 οὐκ
1165 3807 1657 3895 ἐμετρίαζον,
1731 3802 1877 3874 ἀλλ’
1947 3799 2122 3894 ἦσαν
2184 3802 2628 3894 ὑπερήφανοι.

335 3916 464 3980 407
498 3914 556 3979 d.
606 3915 735 3980 816
766 3915 834 3980 d:
881 3911 1166 4002 ἐπιεικὴς
1211 3909 1296 3982 ἂν
1343 3919 1586 4001 φανείη
1633 3914 1745 3982 καὶ
1790 3913 2071 4002 μέτριος.
2154 3913 2245 3981 Et
2278 3918 2431 4001 post
2470 3938 2627 4000 pau-

342 4045 443 4088 ca:
491 4016 765 4098 ἐπιεικὲς
805 4017 880 4086 τὸ
927 4023 1194 4088 τοιοῦτο
1240 4021 1351 4098 καὶ
1397 4019 1889 4109 φιλάνθρωπόν
1938 4022 2093 4089 ἐστι.

509 4127 762 4193 Literas
810 4129 855 4192 Ρ
904 4131 969 4193 et
1016 4130 1065 4194 Ν
1122 4130 1194 4193 in
1248 4129 1477 4196 Nostri
1539 4128 1719 4196 codd.
1787 4129 2140 4195 sexcenties
2197 4129 2507 4195 confundi
2562 4132 2628 4194 et

335 4238 626 4322 exempla
671 4234 986 4300 nonnulla
1030 4236 1277 4320 passim
1333 4236 1530 4300 allata
1574 4235 1956 4301 indicabunt
2006 4240 2071 4301 et
2123 4236 2339 4302 haece.
2420 4237 2501 4302 In
2544 4237 2626 4305 V.
2718 4317 2721 4324 Ι

334 4345 554 4430 Pelop.
605 4343 687 4410 18
733 4365 854 4428 pro
897 4335 1053 4427 παρ’
1107 4337 1444 4429 ἐρῶμενον
1486 4342 1609 4444 ‘alii
1666 4342 1854 4408 codd:
1910 4338 2401 4429 πανερώμενον.
2465 4344 2627 4411 Mar.

342 4453 422 4519 14
474 4450 779 4538 Μαρίουε
833 4451 1136 4534 Μανίου,
1198 4451 1277 4515 17
1326 4448 1665 4528 Μύνδιοςε
1713 4445 2043 4536 Μύρδιος.
2135 4447 2273 4516 Cat.
2330 4450 2483 4518 min.
2546 4453 2627 4519 lO
