3200 5175
1490 334 1927 397 „12—

559 508 963 596 ὑπέβαλλεν,
1019 507 1362 597 (Ἐ)(.ΟΕΤ’
1423 504 1564 576 οὔτ’
1626 512 1721 586 εἰς
1774 508 1983 576 καλὸν
2040 506 2197 575 οὔτε
2254 507 2605 594 συμφέρον
2652 503 2863 574 οὐδὲν

558 614 706 684 ἀλλ’
756 613 799 703 ἦ
845 616 922 685 τὸ
957 613 1326 702 Ῥωμαίους
1361 622 1731 702 μετελθεῖν,
1776 614 2075 701 πόλεμόν
2110 640 2261 681 τινα
2298 613 2518 701 βαρὺν
2552 614 2663 681 καὶ
2702 611 2863 699 ὅμο-

560 750 684 810 ρον
739 720 1134 808 ἄναστήσΑΕ
1193 719 1291 791 ἐπ’
1343 718 1607 801 αὐτούς.
1700 723 2115 789 Constructio
2172 720 2509 789 ὠθεῖσθαι
2568 729 2662 799 εἷς
2703 747 2862 787 τινα

557 832 987 897 usitatissima
1041 836 1143 896 est
1197 832 1366 917 apud
1411 830 1743 896 Nostrum.
1832 830 1930 895 De
1987 831 2313 895 sentenfiia
2370 830 2451 897 ef.
2506 833 2861 913 comparat.

559 940 764 1003 Alcib.
812 943 878 1002 et
923 937 1163 1003 coriol.
1201 939 1273 1002 2:
1323 974 1400 984 —
1427 922 1792 1023 ’ἐδήλωσεν
1838 934 1944 1001 ἐπὶ
1988 939 2078 1025 τῷ
2128 938 2524 1021 διαφθεῖραι
2567 932 2692 1020 τὴν
2737 957 2858 1001 πα-

556 1046 752 1129 τρίδα
796 1042 908 1110 καὶ
945 1047 1365 1127 καταβαλεῖν,
1412 1040 1536 1128 οὐχ
1573 1039 1755 1121 ὅπως
1790 1038 2095 1129 ἀπολάβῃ
2133 1042 2243 1107 καὶ
2280 1042 2598 1129 κατέλθῃ,
2638 1040 2861 1126 βαρὺν

555 1148 851 1237 πόλεμον
894 1149 1005 1216 καὶ
1049 1146 1399 1217 ἄσπονδον
1445 1148 1962 1237 ἐπανῃρημένος.

739 1295 823 1305 -
872 1260 986 1324 36:
1029 1256 1104 1324 τὸ
1155 1254 1218 1323 δ’
1271 1254 1682 1341 εὐεργεσίας,
1729 1249 1813 1322 αἶ
1818 1283 1852 1334 ς
1898 1252 2401 1342 εὐεργετοῦνται
2446 1258 2679 1333 παῖδες
2721 1251 2853 1323 ὑπὸ

557 1366 695 1430 τῶν
745 1361 1106 1446 τεκόντων,
1163 1366 1482 1449 σέβεσθαι
1537 1363 1649 1429 καὶ
1703 1366 1905 1449 τιμᾶν
1967 1358 2090 1429 οὐκ
2136 1360 2387 1446 ἀνδρὸς
2437 1400 2513 1409 ——
2566 1362 2705 1429 ε’στὶ
2751 1388 2859 1447 με-

555 1468 769 1554 γάλου
811 1499 922 1551 -;
967 1473 1061 1539 Ut
1101 1494 1334 1557 graeca
1371 1473 1460 1537 sit
1495 1472 1725 1555 oratiO,
1762 1471 2201 1536 scribendum:
2236 1466 2313 1535 τὸ
2354 1466 2417 1534 δ’
2461 1469 2857 1555 εὐεργεσίας,

555 1579 681 1645 Ἃ(
731 1575 1234 1665 εὐεργετοῦνται
1271 1578 1360 1645 κὲ.

738 1722 812 1733 --
866 1690 980 1753 38:
1027 1684 1200 1754 ὅπου
1247 1683 1310 1751 δ’
1363 1682 1536 1771 ἡμᾶς
1580 1681 1623 1770 ἡ
1672 1688 1931 1770 ἱστορία
1978 1667 2251 1761 πολλοῖς
2286 1680 2706 1768 ἀποβιάζεται
2744 1684 2887 1751 καῖ’

443 1862 452 1869 ,
551 1800 872 1871 πιθανοῖς
927 1791 1291 1879 μάρτυσιν,
1347 1788 1737 1878 ἀνόμοιον
1790 1790 2104 1876 αἰσθήσει
2150 1789 2375 1867 πάθος
2420 1788 2857 1876 ἐγγινόμενον

549 1900 640 1987 τῷ
687 1902 1110 2027 φανταστικῷ
1155 1902 1273 1984 τῆς
1317 1901 1534 1985 ψυχῆς
1579 1903 2063 1965 συναναπείθει
2108 1894 2184 1964 τὸ
2232 1895 2465 1976 δόξαν·
2516 1894 2735 1982 ωσπερ
2782 1899 2859 1964 ἐν

550 1998 790 2084 ὕπνοις
845 2001 1121 2073 ἀκούειν
1170 2002 1292 2073 οὐκ
1337 2004 1698 2083 ἀκούοντες
1742 2004 1852 2071 καὶ
1899 2004 2169 2088 βλέπειν
2216 2000 2298 2070 οὐ
2343 2006 2701 2088 βλέποντες
2746 2008 2855 2073 δο·

551 2114 817 2198 κοῦμεν.
908 2113 1152 2179 Locum
1198 2137 1334 2180 non
1377 2137 1506 2179 uno
1554 2114 1816 2179 nomine
1863 2113 2297 2197 praeclarum,
2342 2114 2621 2179 maxime
2668 2116 2723 2178 si
2772 2116 2853 2179 ad

551 2220 1033 2305 philosophiam
1079 2222 1385 2306 exegeriS,
1422 2220 1663 2285 iniuria
1700 2222 1905 2286 critici
1942 2224 2322 2305 suspectant
2358 2226 2425 2285 et
2468 2222 2850 2307 corrigendo

550 2327 846 2411 turbant,
900 2329 1077 2411 velut
1129 2332 1352 2393 noslzer
1399 2327 1666 2412 Coi-aee,
1732 2329 1841 2413 qui
1894 2327 2055 2393 haee
2112 2328 2480 2392 annotavifi:
2548 2334 2709 2405 ἴσως
2764 2327 2858 2413 (εἰ

550 2426 701 2498 ἀντὶ
773 2434 896 2499 τοῦ
952 2428 1427 2520 Ἐγγινόμενον
1499 2431 1788 2520 γράφοις
1854 2430 2309 2519 Ἐγγίνεσθαι)
2384 2431 2689 2511 τοιοῦτός
2755 2440 2855 2513 τίς

553 2538 690 2606 ἐστι
734 2540 870 2607 τῶν
917 2540 1298 2626 λεγομένων
1345 2537 1380 2607 ὁ
1431 2542 1615 2624 νοῦς,
1655 2535 1828 2606 Ἀλλ’
1881 2539 2018 2607 ἐπεὶ
2058 2534 2098 2626 ἡ
2141 2541 2400 2623 ἱστορία
2437 2547 2706 2620 πολλοῖς
2742 2542 2852 2609 καὶ

547 2653 867 2725 πιθανοῖς
912 2644 1242 2734 μάρτυσιν
1300 2645 1663 2729 ἐκβιάζεται
1723 2642 1895 2732 ἡμᾶς
1953 2644 2295 2712 πιστεύειν
2349 2661 2490 2725 τοῖς
2538 2648 2853 2733 λέγουσιν

552 2751 834 2821 ἀκοῦσαι
900 2755 1132 2839 φωνῆς
1197 2753 1540 2840 ἐνάρθρου
1602 2757 1740 2820 τῶν
1805 2753 1895 2840 μὴ
1958 2752 2361 2840 πεφυκότων
2421 2767 2679 2838 φωνεῖν
2741 2755 2851 2822 καὶ

553 2864 725 2928 ἰδεῖν
786 2858 866 2928 τὰ
927 2858 1016 2946 μὴ
1081 2859 1426 2946 πεφυκότα
1478 2862 1877 2944 βλέπεσθαι,
1942 2865 2424 2927 συναναπείθει
2482 2861 2564 2948 (τ.
2613 2866 2661 2928 ἔ.
2718 2859 2851 2947 ἅμα

550 2973 770 3034 πείθει
830 2964 871 3052 ἡ
936 2967 1225 3054 ἱστορία)
1285 2968 1681 3052 ἐγγίνεσθαί
1725 2992 1791 3034 τι
1847 2965 2068 3047 πάθος
2121 2971 2211 3058 τῷ
2268 2971 2691 3060 φανταστικῷ
2738 2973 2858 3055 τῆς

551 3077 765 3162 ψυχῆς
828 3071 1070 3160 ὅμοιον
1131 3073 1241 3139 καὶ
1308 3069 1647 3158 ἀνάλογον
1699 3075 1779 3162 τῇ
1836 3071 2183 3159 αἰσθήσει,
2245 3071 2369 3160 τὴν
2427 3076 2851 3162 καλουμένην

555 3183 786 3261 δόξαν·
849 3175 924 3264 ἤ,
987 3174 1062 3244 τὸ
1130 3176 1367 3262 δόξαν,
1430 3204 1485 3245 τ.
1542 3183 1589 3245 ἔ.
1646 3175 1687 3265 ἡ
1737 3180 1921 3265 δόξα,
1969 3176 2011 3265 ἡ
2076 3178 2349 3265 δόκησις
2392 3184 2516 3247 τοῦ
2569 3177 2851 3250 ἀκοῦσαι

551 3284 632 3354 τὰ
686 3284 776 3373 μὴ
839 3280 1129 3352 ἀκουστὰ
1186 3284 1296 3351 καὶ
1359 3288 1532 3352 ἰδεῖν
1584 3282 1666 3352 τὰ
1711 3283 1801 3372 μὴ
1850 3282 2088 3373 ὁρατά,
2150 3293 2633 3354 συναναπείθει
2680 3286 2852 3375 ἡμᾶς

552 3396 630 3482 τῇ
679 3396 936 3482 ἱστορίᾳ
985 3391 1379 3476 ἐγγίνεσθαί
1416 3417 1480 3458 τι
1524 3389 1748 3470 πάθος
1788 3399 1924 3460 κτλ.
1999 3394 2177 3459 Haec
2215 3394 2471 3480 GoraeS,
2518 3398 2631 3481 qui
2667 3419 2849 3481 prae-

550 3507 651 3566 ter
716 3502 844 3566 alia
908 3494 1238 3584 ἀνόμοιον
1301 3501 1577 3566 mutavit
1636 3502 1705 3565 in
1768 3495 2025 3587 ὅμοιον.
2118 3500 2427 3567 Similiter
2482 3503 2849 3589 Madvigius

553 3611 824 3675 eandem
862 3607 1378 3672 emendationem
1415 3610 1843 3694 commendat,
1891 3610 2129 3695 quippe
2169 3633 2332 3696 quae
2372 3633 2411 3675 a
2440 3611 2758 3675 sententia
2786 3614 2851 3674 et

552 3738 622 3780 re
679 3715 1060 3800 postuletur.
1152 3715 1454 3781 Reiskius
1511 3719 1729 3781 autem
1787 3717 2223 3801 suppleverat:
2279 3713 2609 3802 μάρτυσιν
2663 3713 2850 3784 ὑπο·

551 3824 941 3888 τίθεσθαί
987 3845 1049 3887 τι
1107 3816 1230 3886 οὐκ
1286 3815 1615 3907 ἀνόμοιον
1661 3821 1752 3888 κὲ.
1804 3859 1880 3868 --
1932 3821 2026 3887 Ut
2070 3824 2267 3905 lonae,
2316 3823 2393 3887 de
2440 3845 2565 3906 quo
2614 3825 2849 3909 agitur,

554 3929 784 3994 melius
840 3929 1268 4013 intelligatur,
1316 3929 1820 4012 comparandum
1868 3927 2050 3992 Brut.
2098 3930 2210 3993 37·
2269 3922 2582 4013 ἡμέτερος
2630 3918 2846 4010 οὗτος,

553 4031 754 4118 εἶπεν,
801 4059 852 4100 ω
893 4035 1168 4119 Βροῦτε,
1215 4031 1433 4118 λόγος,
1482 4060 1572 4112 ως
1621 4029 1701 4099 ού
1748 4031 1964 4100 πάντα
2001 4035 2343 4119 πάσχομεν
2380 4023 2653 4120 άληθως
2690 4030 2839 4101 οὐδ’

551 4138 843 4227 ὁρῶμεν,
899 4136 1043 4206 ἀλλ’
1104 4136 1321 4226 ὑγρὸν
1374 4140 1496 4225 μέν
1555 4165 1620 4206 τι
1680 4143 1902 4226 χρῆμα
1959 4140 2070 4207 καὶ
2117 4137 2459 4226 ἀπατηλὸν
2504 4149 2846 4228 αἴσθησις·

553 4252 646 4314 ἔτι
695 4243 758 4313 δ’
811 4242 1085 4334 ὀξυτέρα
1131 4243 1174 4332 ἡ
1224 4244 1493 4313 διάνοια
1529 4259 1745 4314 κινεῖν
1785 4244 1974 4316 αὐτό
2015 4249 2083 4338 (i.
2114 4273 2162 4317 e.
2195 4246 2259 4316 τὲ
2298 4251 2415 4334 τῆς
2442 4248 2842 4335 αἰσθησεως,

552 4353 677 4442 τὴν
738 4354 1090 4442 αἴσθησιν)
1143 4353 1256 4419 καὶ
1301 4352 1741 4440 μεταβάλλειν
1788 4351 1901 4422 ἀπ’
1954 4351 2234 4434 οὐδενὸς
2278 4351 2694 4441 ὑπάρχοντος
2740 4355 2845 4422 ἐπὶ

553 4464 776 4528 πᾶσαν
825 4461 1028 4527 ἰδέαν.
1105 4462 1308 4551 Κηρῷ
1357 4457 1482 4547 μὲν
1527 4457 1654 4549 γὰρ
1703 4466 1919 4528 ἔοικεν
1963 4459 2004 4548 ἡ
2040 4459 2355 4540 τύπωσις·
2402 4463 2584 4556 ψυχῇ
2623 4458 2686 4526 δ’
2729 4459 2843 4528 ἆν-
