3200 5175
1581 320 2013 384 ..74-

653 502 828 587 συνῇ
841 547 860 584 ,
925 502 1088 566 bene
1149 499 1232 566 ad
1287 498 1708 584 sententium,
1752 498 1865 564 sed
1926 497 2072 566 lect.
2130 498 2409 564 traditae
2462 497 2759 584 vestigiis
2813 521 2927 564 non

651 608 957 694 proxime.
1046 607 1350 673 Fortasse
1407 605 1886 672 reseribendum
1944 608 2071 670 est:
2131 603 2294 689 ἐρᾶν
2352 597 2441 670 ἂν
2495 606 2720 692 δικαίᾳ
2773 606 2928 690 συνῇ

651 712 1033 802 (γυναικὶ)
1083 710 1195 780 καὶ
1248 723 1586 797 γυναῖκα
1618 707 1935 796 χρηστὴν
1982 707 2331 798 (χρηστὸν)
2380 713 2665 795 ἔχουσαν
2711 707 2928 796 ἄνδρα.

650 821 884 890 Cetera
957 843 1102 888 eum
1167 819 1526 906 Madvigio:
1603 814 1818 895 οὕτως
1890 812 1991 885 ἀεὶ
2064 817 2468 903 γλιχομένην
2534 816 2763 904 (intell.
2820 814 2928 904 τὴν

652 923 822 994 θεὸν
871 929 1296 993 διανοεῖσθαι
1341 923 1498 1013 χρὴ)
1546 924 1831 1009 ἐκείνου,
1876 928 2109 1011 καίπερ
2156 923 2389 1014 ἐκείνῳ
2436 925 2787 1010 παροῦσαν
2812 931 2929 990 κτλ.

650 1035 1284 1101 ΑΝΔΙΚΑΙΑΙΕΥΝΗΙ
1341 1032 1530 1100 facile
1587 1054 1733 1098 eum
1779 1033 2392 1100 ΕΝΔΙΚΑΙΟΕΥΝΗΙ
2450 1031 2780 1098 comfundi
2832 1055 2929 1116 po-

648 1145 838 1207 terat.
897 1139 1208 1206 Similiter
1234 1164 1294 1226 p.
1313 1141 1441 1208 367
1465 1140 1498 1204 f
1513 1139 1707 1206 codd:
1744 1139 2229 1227 ίπκοποταμίφ,
2268 1137 2441 1224 quod
2460 1139 2842 1206 Duebnerus
2873 1139 2931 1202 in

649 1249 828 1336 ἵππῳ
872 1250 1192 1335 ποταμίῳ,
1238 1251 1313 1313 ut
1355 1247 1552 1332 paulo
1597 1249 1750 1312 ante
1785 1246 2045 1332 legitur,
2089 1249 2261 1312 reete
2300 1245 2595 1310 mutavit.
2667 1244 2767 1310 De
2804 1267 2930 1311 sen-

648 1355 860 1422 tentia
913 1355 994 1420 cf.
1037 1378 1097 1440 p.
1143 1355 1275 1420 448
1305 1376 1366 1420 e:
1431 1355 1526 1420 ἔτι
1578 1355 1816 1419 τοίνυν
1870 1350 1981 1417 καὶ
2036 1362 2322 1436 γυναῖκα
2368 1347 2581 1436 γήμας
2622 1347 2793 1416 κατὰ
2833 1348 2931 1417 νό-

653 1485 822 1546 μους
865 1455 1038 1547 ἀνὴρ
1086 1455 1370 1546 ἐπιεικὴς
1415 1461 1781 1524 διανοεῖται
1817 1455 2151 1542 περιέπειν
2188 1456 2299 1524 καὶ
2338 1469 2644 1524 συνεῖναι
2678 1459 2933 1534 δικαίως

647 1567 758 1633 καὶ
815 1563 1216 1654 σωφρόνως,
1281 1562 1506 1654 χρόνῳ
1563 1562 1637 1631 δὲ
1691 1566 1808 1650 τῆς
1861 1568 2229 1650 συνηθείας
2288 1560 2687 1650 ἐντεκούσης
2730 1560 2934 1642 πάθος

649 1674 1044 1741 αἰσθάνεται
1096 1675 1190 1765 τῷ
1245 1673 1541 1763 λογισμῷ
1595 1668 1673 1738 τὸ
1726 1677 1950 1756 φιλεῖν
2005 1669 2116 1737 καὶ
2170 1668 2246 1738 τὸ
2300 1665 2571 1756 ἀγαπᾶν
2630 1668 2931 1738 ἐπιτεινό-

645 1806 873 1867 μενον.
927 1819 1002 1830 -
1059 1782 1220 1846 Post
1270 1802 1478 1866 pauca
1531 1779 1697 1845 bene
1742 1779 2109 1865 Madvigius
2167 1775 2447 1863 λέγομεν
2504 1779 2788 1844 correxit
2828 1801 2930 1866 pro

649 1887 1039 1974 λεγομένην.

822 1995 891 2062 O.
912 1997 998 2061 68
1029 1991 1116 2080 (p.
1138 1995 1269 2061 378
1280 1991 1352 2079 b)
1381 2015 1497 2078 pro
1527 1989 1993 2078 ἐξαμάρτωμεν
2024 1991 2281 2079 requiro
2312 1989 2928 2082 ἐξαμαρτ(άν)ωμεν.

823 2099 892 2167 C.
939 2102 1019 2166 81
1085 2099 1302 2166 initio:
1364 2095 1439 2165 τὸ
1506 2095 1581 2163 δὲ
1643 2100 1809 2183 κῦφι
1872 2110 2081 2184 μίγμα
2144 2095 2268 2184 μὲν
2327 2095 2677 2164 ἑκκαίδεκα
2734 2101 2927 2185 μνῶν

644 2205 1150 2293 συντιθεμένων
1182 2203 1335 2272 ἐστί.
1382 2205 1508 2272 Pro
1541 2205 1735 2291 μνῶν
1756 2205 1908 2292 Xyl.
1939 2206 2126 2272 Baxt.
2156 2205 2411 2292 Squire:
2443 2206 2685 2290 γενῶν.
2732 2208 2928 2293 Wytt:

646 2309 1022 2399 δυνάμεων.
1104 2311 1423 2378 Neutrum
1469 2317 1570 2378 est
1616 2335 1858 2379 verum.
1930 2311 2151 2381 Scribe
2196 2313 2488 2398 μερῶν,
2532 2336 2664 2398 quo
2704 2319 2772 2380 et
2806 2336 2930 2380 sen-

645 2444 754 2487 sus
800 2425 868 2486 et
910 2419 1106 2485 lectio
1155 2419 1413 2485 ducunt.
1508 2422 1557 2486 Ν
1610 2449 1695 2472 =
1746 2422 1808 2486 Ρ.
1883 2419 1961 2485 ef.
2008 2441 2185 2484 meas
2232 2420 2302 2484 in
2346 2443 2407 2506 p.
2454 2421 2542 2485 44
2568 2421 2614 2485 b
2665 2425 2877 2488 annot.

820 2525 901 2593 In
956 2525 1181 2593 eodem
1239 2547 1377 2611 eap.
1437 2524 1525 2613 (p.
1583 2527 1714 2594 384
1744 2525 1840 2613 a):
1904 2520 1985 2592 τὰ
2040 2522 2168 2612 γὰρ
2226 2520 2573 2614 ὀσφραντὰ
2629 2526 2929 2603 πολλάκις

641 2630 764 2720 μὲν
836 2629 960 2719 τὴν
1033 2638 1356 2715 αἴσθησιν
1420 2626 1917 2699 ἀπολείπουσαν
1971 2628 2427 2718 ἀνακαλεῖται,
2498 2633 2817 2713 πολλάκις
2864 2631 2926 2699 δὲ

640 2736 844 2807 πάλιν
899 2733 1224 2825 ἀμβλύνει
1278 2737 1388 2805 καὶ
1435 2743 1876 2825 κατηρεμίζει,
1932 2738 2384 2826 διαχεομένων
2430 2740 2505 2806 ἐν
2550 2742 2643 2831 τῷ
2692 2739 2925 2828 σώματι

641 2846 777 2913 τῶν
831 2840 1375 2931 ἀναλωμάτων
1427 2841 1559 2913 ὑπὸ
1611 2843 1963 2932 λειότητος.
2052 2849 2599 2933 Interpretantur:
2661 2849 2923 2916 ‘exhala-

642 2952 975 3038 tionibusz
1022 2975 1217 3039 quam
1262 2955 1594 3020 notionem
1641 2976 1765 3020 vox
1805 2948 2271 3040 ’ἀναλωμάτων
2314 2977 2451 3022 non
2496 2956 2714 3022 habet.
2778 2955 2919 3021 Mez.

644 3060 954 3125 correxit:
1009 3054 1400 3146 ἀρωμάτων.
1491 3060 1747 3147 Squire:
1796 3056 2340 3147 ἀναθυμιάσεων.
2429 3062 2641 3148 Wytt.
2692 3064 2923 3147 διαχεο-

642 3166 868 3251 μένων
927 3204 1002 3215 -
1063 3166 1396 3252 λειότητος
1463 3172 1618 3253 post
1680 3163 1843 3234 ὅταν
1908 3171 2395 3255 transponenda
2455 3174 2662 3255 putat.
2754 3170 2921 3236 Nihil

646 3296 826 3357 opuS.
899 3271 1232 3339 Librarius
1276 3298 1408 3341 non
1455 3276 1867 3343 intellexerat
1911 3276 2065 3361 quid
2110 3279 2283 3342 esset
2318 3276 2921 3356 ΑΝΑΛΟΜΑΤωΝ;

644 3380 906 3466 scripsit
947 3382 1148 3468 igitur
1193 3377 1674 3468 ἀναλωμάτων,
1720 3404 1865 3449 eum
1913 3382 2241 3449 debuisset
2284 3377 2817 3468 ἀναδομάτων
2849 3411 2919 3435 ==

645 3488 1181 3555 exhalationibus.
1258 3489 1431 3567 -Quis
1491 3493 1809 3574 punctum
1864 3490 2177 3575 temporis
2224 3490 2571 3573 dubitavit,
2633 3512 2779 3555 cum
2820 3510 2919 3553 no-

643 3594 809 3658 verit
861 3595 1129 3661 verbum
1185 3596 1521 3663 eoehalandi
1573 3590 1977 3662 ἀναδιδόναι
2032 3596 2203 3663 dici?
2303 3590 2391 3661 Τὸ
2440 3589 2919 3681 ἀναδιδόμενον

643 3697 750 3785 (ἐκ
792 3699 928 3766 τῶν
973 3695 1428 3789 ὀσφραντῶν),
1472 3703 1643 3789 quod
1692 3704 2016 3769 sententia
2052 3702 2323 3789 requirit
2356 3702 2539 3768 nullo
2576 3703 2709 3769 alio
2744 3701 2915 3768 modo

644 3807 1002 3891 exprimere
1073 3812 1332 3892 poterat
1402 3832 1600 3896 quam
1673 3810 1935 3877 nomine
2000 3802 2331 3894 ἀνάδομα.
2428 3808 2682 3875 Eodem
2744 3808 2914 3874 modo

640 3936 758 3997 pro
807 3935 903 3999 ee,
947 3916 1119 4002 quod
1163 3918 1361 4002 paulo
1406 3921 1560 4001 post
1606 3918 1789 3985 dicit:
1837 3911 2293 4001 ἀναθυμίασις
2335 3916 2453 4000 τῆς
2486 3917 2759 4002 τροφῆς,
2802 3912 2913 3981 eibi

641 4021 965 4087 exhalatio
973 4073 991 4107 ,
1063 4024 1222 4089 alibi
1287 4020 1388 4109 (ut
1448 4047 1510 4107 p.
1577 4023 1709 4089 654
1728 4044 1796 4090 ἀ.
1858 4024 1991 4089 912
2020 4024 2061 4087 d
2118 4020 2263 4109 ete.)
2328 4024 2535 4089 utitur
2596 4022 2911 4089 vocabulo:

641 4120 963 4207 ἀνάδοσις
1007 4128 1152 4215 (τῆς
1194 4128 1494 4214 τροφῆς),
1559 4133 1627 4195 et
1670 4128 1926 4215 Fragm.
1972 4129 2151 4215 XIII,
2203 4131 2235 4194 1
2288 4129 2573 4213 scripsit:
2618 4125 2735 4205 τὰς
2776 4121 2909 4192 ἀνα·

643 4341 907 4409 δοσθαι.
976 4338 1444 4429 Ἀναθυμίαμα
1489 4343 1694 4428 igitur
1738 4341 1991 4407 dixerat
2034 4337 2361 4426 ἀνάδομα.
2436 4341 2531 4408 Of.
2578 4338 2779 4427 δόμα,
2820 4340 2905 4403 ἒν·

498 4448 503 4455 ’
641 4448 837 4532 δομα,
883 4448 1186 4537 ἐπίδομα,
1235 4445 1548 4534 διάδομα,
1597 4453 1791 4535 atque
1826 4445 2204 4535 πρόσδομα,
2240 4443 2691 4533 ἀνταπόδομα.
2748 4446 2907 4512 Cete-
