3200 5175
1241 377 1639 439 ,3.-

290 552 694 640 καταφόρων
741 550 1042 637 ἄγονον
1088 549 1262 619 εἶναι
1307 549 1383 619 τὸ
1433 552 1690 638 σπέρμα
1736 535 2076 634 λέγουσιν·
2126 549 2270 615 τῶν
2316 545 2379 614 δ’
2433 545 2589 615 ἀδο-

290 663 545 748 λέσχων
591 658 626 729 ὁ
677 658 876 745 λόγος
921 656 1155 746 ἀτελὴς
1199 661 1310 727 καὶ
1348 657 1700 747 ἄκαρπός
1737 657 1807 745 (i.
1843 681 1895 723 e.
1933 651 2353 745 ἀνόνητος)
2391 657 2589 724 ἐστιν.

465 807 550 816 —-
582 771 696 834 27:
735 767 846 833 καὶ
882 765 1300 834 κατεπύκνου
1336 763 1893 851 παραδειγμάτων
1930 763 2172 850 πλήθει
2210 761 2333 848 τὴν
2370 763 2590 850 πόλιν,

292 870 396 953 οἷς
467 872 839 959 ἀναγκαῖον
911 866 999 959 ἦν
1072 874 1595 958 ἐντυγχάνοντας
1668 867 1769 938 ἀεὶ
1834 871 1944 937 καὶ
2009 869 2591 957 συντρεφομένους

289 978 580 1065 ἄγεσθαι
625 981 736 1047 καὶ
780 985 1458 1065 κατασχηματίζεσθαι
1497 977 1771 1056 ἰόντας
1805 975 1997 1063 πρὸς
2031 975 2115 1044 τὸ
2155 976 2417 1045 καλόν.
2490 980 2588 1046 De

293 1089 416 1154 hoe
483 1090 625 1154 loeo
692 1087 1078 1153 Sintenisius
1144 1089 1238 1152 ita
1300 1088 1643 1153 iudicavit:
1716 1085 1913 1172 ‘quod
1978 1087 2217 1171 legitur
2279 1104 2587 1171 κατασχ.

290 1191 563 1269 ἰόντας
611 1190 804 1278 πρὸς
846 1192 930 1258 τὸ
987 1190 1235 1258 καλόν
1278 1217 1412 1259 non
1461 1194 1650 1259 eredo
1700 1215 2086 1277 quemquam
2132 1215 2587 1259 concessurum

289 1321 428 1364 esse
488 1301 580 1364 sie
638 1323 676 1364 a
721 1298 1069 1365 Plutarcho
1126 1289 1491 1384 &refectum
1551 1323 1710 1365 esse.
1802 1299 2000 1364 Recte
2046 1299 2278 1364 vitium
2326 1303 2587 1366 subesse

287 1407 748 1471 intellexerunt
792 1407 1008 1490 ceteri,
1057 1428 1328 1492 quorum
1367 1407 1675 1471 Reiskius
1722 1405 2101 1490 corrigendo
2137 1402 2433 1484 πάντας
2469 1431 2587 1491 pro

290 1509 517 1589 ἰόντας
574 1513 1049 1597 aliquantulum
1095 1515 1423 1578 consuluit
1471 1514 1856 1596 sententiae,
1913 1512 2020 1577 sed
2070 1518 2142 1577 ut
2185 1535 2266 1578 ne
2314 1515 2405 1578 sic
2453 1516 2587 1598 qui-

289 1620 434 1684 dem
478 1620 692 1683 locum
740 1625 1153 1702 persanatum
1202 1624 1457 1707 putem,
1504 1641 1693 1704 quem
1748 1657 1823 1664 —
1875 1619 2390 1685 commendatum
2438 1622 2585 1686 volo

291 1727 383 1790 sie
436 1727 531 1790 uti
577 1725 796 1810 Pelop.
844 1727 960 1811 25,
1007 1727 1093 1792 50
1139 1752 1256 1810 ——3
1319 1749 1473 1791 nam
1531 1727 1597 1790 in
1656 1731 1927 1810 utroque
1983 1727 2126 1790 loeo
2184 1728 2586 1791 emendando

292 1833 503 1898 fateor
547 1825 650 1897 me
697 1833 907 1898 adhue
953 1834 1195 1898 frustra
1240 1832 1612 1899 laborasse'.
2611 1811 2624 1823 ο

369 2025 382 2034 ἢ
467 1939 635 2015 Quid
701 1941 1024 2004 sententia
1090 1941 1400 2024 requirat,
1464 1961 1542 2004 ex
1601 1939 1753 2023 Lyc.
1815 1943 1881 2004 et
1938 1938 2131 2003 Num.
2190 1961 2470 2024 compar.
2524 1941 2585 2004 4.

291 2047 511 2130 aliquo
577 2047 768 2111 modo
835 2050 1132 2130 apparet,
1196 2046 1308 2110 ubi
1375 2048 1451 2111 de
1518 2046 1738 2110 eadem
1806 2069 1874 2110 re
1936 2045 2373 2110 abundantius
2426 2046 2587 2111 haee

287 2153 476 2218 dixit:
526 2189 609 2199 ——
660 2148 839 2229 ὅπως
893 2149 982 2237 μὴ
1042 2150 1361 2254 διάφοροι
1417 2151 1587 2237 μηδὲ
1648 2149 2051 2238 ταραχώδεις
2095 2151 2401 2235 γένοιντο
2446 2164 2588 2229 τοῖς
2688 2179 2699 2190 ·

285 2255 558 2343 ἤθεσιν,
622 2254 768 2325 ἀλλ’
821 2261 932 2336 εἰς
991 2258 1074 2324 ἕν
1132 2283 1204 2323 τι
1265 2255 1892 2346 κοινὸνιᾶρετῆς
1956 2265 2176 2343 ἴχνος
2222 2255 2463 2336 εὐθὺς
2508 2259 2585 2338 ἐξ

285 2361 529 2449 ἀρχῆς
584 2361 1114 2449 πλαττόμενοι
1168 2364 1295 2430 καὶ
1350 2365 1833 2448 τυπούμενοι
1890 2359 2329 2449 συμβαίνοιεν
2390 2362 2587 2449 ἀλλή-

286 2478 444 2549 λοις.
537 2472 748 2536 Huius
813 2473 938 2537 loci
997 2473 1196 2538 verba
1259 2477 1544 2537 extrema
1599 2473 1757 2555 illis,
1823 2473 1899 2537 de
1956 2474 2190 2556 quibus
2238 2473 2584 2555 quaeritur,

286 2580 714 2665 respondent,
759 2581 887 2645 nisi
934 2579 1106 2664 quod
1152 2581 1286 2646 illie
1330 2581 1528 2646 verba
1562 2573 1785 2656 ἐὐθὺς
1832 2578 1898 2658 ἐξ
1944 2573 2149 2665 ἀρχῆς
2195 2581 2296 2645 vel
2344 2580 2584 2646 similia

288 2689 750 2753 desiderantur.
857 2684 1300 2771 Supplendum
1360 2687 1562 2771 igitur
1622 2689 1810 2769 puto:
1870 2683 1981 2749 καὶ
2039 2690 2582 2771 κατασχηματίζε-

290 2797 453 2860 σθΑΙ
507 2792 745 2876 [Νέους
791 2796 916 2874 ἔτ]ι
964 2789 1163 2869 ὄντας
1206 2789 1373 2876 πρὸς
1415 2788 1492 2857 τὸ
1538 2788 1767 2858 καλόν.

467 2898 756 2966 Solonis
818 2900 926 2965 15:
999 2894 1144 2964 ἀλλ’
1213 2888 1256 2986 ᾖ
1319 2896 1461 2982 μὲν
1531 2893 1864 2983 ἄριστον
1918 2888 2016 2982 ἦν
2078 2893 2202 2964 οὐκ
2258 2897 2583 2984 ἐπήγαγεν

288 3010 587 3093 ἰατρείαν
652 3004 812 3072 οὐδὲ
866 3008 1319 3090 καινοτομίαν.
1411 3004 1639 3091 Neque
1687 3004 1913 3071 Corais
1968 3006 2414 3090 interpretatio
2472 3011 2586 3071 aut

287 3115 626 3179 eorrectio:
673 3108 816 3179 ἀλλ’
868 3107 956 3197 ἣν
1000 3110 1124 3196 μὲν
1168 3108 1447 3197 ἄριστον
1492 3101 1580 3195 ἦν
1627 3114 1727 3176 vel
1766 3106 1911 3177 ἀλλ’
1954 3106 1995 3195 ἢ
2035 3110 2159 3196 μὲν
2198 3109 2431 3197 ἀρίστη
2470 3102 2583 3206 ἦν;

287 3243 498 3305 neque
545 3221 717 3304 quod
763 3219 1144 3284 Doehnerus
1193 3220 1394 3284 dedit:
1451 3215 1760 3305 ἀρεστόν;
1818 3241 2027 3303 neque
2072 3220 2385 3305 Madvigii
2432 3214 2578 3286 ἀλλ’

283 3316 324 3411 ἦ
375 3324 498 3411 μὲν
544 3326 796 3413 ῥᾷστον
841 3316 960 3409 ἦν;
1007 3348 1214 3411 neque
1264 3348 1408 3391 mea
1447 3326 1817 3391 coniectura
1854 3320 1997 3392 ἀλλ’
2039 3315 2082 3413 ᾗ
2118 3325 2207 3411 μὴ
2248 3323 2584 3392 ἀνεκτόν

287 3434 417 3519 (vel
464 3426 550 3498 ἂν
600 3429 858 3518 οἰστόν)
904 3422 1014 3516 ἦν,
1065 3435 1430 3498 necessaria
1479 3437 1649 3498 sunt.
1741 3432 1962 3497 Lectio
2009 3434 2251 3497 tradita
2295 3439 2465 3497 recte
2514 3456 2581 3497 se

283 3542 505 3607 habet:
553 3564 630 3605 ea
676 3540 780 3605 via
825 3539 1151 3624 (ratione),
1199 3563 1327 3624 qua
1372 3542 1691 3624 optimum
1739 3544 1895 3603 erat.

465 3646 774 3713 Similiter
830 3648 897 3711 in
954 3647 1035 3711 iis
1094 3668 1256 3732 quae
1313 3669 1364 3711 ο.
1411 3648 1496 3712 28
1555 3648 1882 3731 leguntur:
1946 3644 2055 3711 καὶ
2102 3643 2192 3731 μὴ
2240 3646 2580 3732 θρασυνό-

283 3778 494 3839 μενον
561 3749 901 3838 ἀβεβαίοις
963 3748 1385 3830 ὑπονοίαις
1439 3748 1768 3837 ὑβρίζειν,
1833 3777 1958 3819 vox
2012 3750 2365 3830 ὑπονοίαις
2424 3759 2490 3818 et
2544 3778 2583 3818 a
2682 3766 2691 3772 “

287 3861 618 3946 Madvigio
657 3862 1034 3947 'corrigente
1089 3872 1328 3937 πνοαῖς
1383 3861 1487 3925 vel
1541 3855 1883 3936 εὐπλοίαις
1940 3864 2005 3924 et
2052 3883 2090 3925 a
2136 3882 2237 3925 me
2285 3856 2582 3936 εὐνοίαις

283 3968 400 4048 (se.
460 3969 575 4051 τῆς
617 3964 821 4052 τύχης
866 3969 1008 4033 coll.
1056 3990 1117 4050 p.
1166 3968 1249 4032 69
1280 3966 1340 4052 f)
1399 3968 1832 4032 substituente
1888 3968 2123 4031 iniuria
2166 3972 2419 4033 tentata
2465 3972 2580 4032 est.

283 4073 455 4138 Nam
503 4074 626 4137 hoc
671 4074 813 4137 loeo
852 4067 1204 4147 ὑπονοίαις
1238 4073 1407 4136 idem
1447 4078 1545 4138 est
1583 4096 1658 4137 ac
1698 4069 1941 4157 δόξαις,
1987 4075 2158 4159 quod
2196 4075 2389 4158 paulo
2428 4076 2579 4137 ante

283 4181 471 4245 dixit:
518 4176 716 4263 λόγος
768 4176 897 4262 γὰρ
953 4168 1039 4261 ἦν
1082 4177 1194 4243 καὶ
1243 4176 1431 4257 δόξα
1478 4174 1784 4263 τάγαθὸν
1829 4176 2187 4263 παρούσης.
2253 4180 2331 4244 ef.
2371 4180 2498 4245 549
2530 4181 2581 4244 f:

284 4280 415 4351 ἀπὸ
475 4282 673 4369 δόξης
725 4283 834 4349 καὶ
890 4279 1230 4360 ὑπονοίας.
1321 4286 1451 4350 438
1483 4286 1548 4350 d:
1607 4289 1841 4369 ἔχοντα
1900 4282 2145 4362 πολλὰς
2201 4280 2582 4370 ἀντιλήψεις

279 4392 392 4458 καὶ
441 4387 780 4469 ὑπονοίας.
851 4414 912 4475 Ρ.
955 4392 1077 4457 157
1108 4392 1162 4456 f:
1209 4387 1377 4477 πρὸς
1424 4388 1631 4470 δόξαν
1674 4389 2197 4477 θρασυνόμενον
2246 4391 2579 4479 ἐξυβρίζει.

284 4502 418 4566 475
448 4501 516 4565 d:
564 4496 753 4577 δόξαι
799 4523 869 4565 τε
915 4496 1191 4583 χρησταὶ
1236 4498 1344 4564 καὶ
1393 4498 1771 4584 μαθήματα.

2084 4604 2155 4659 1*
