3200 5175
1237 325 1725 390 ——127-

329 505 610 589 pleatur:
689 505 1030 588 [ἔγκλημα]
1103 509 1368 587 αἴσχιον
1446 507 1560 568 aut
1636 499 2115 589 [κατηγόρημα]
2184 510 2465 590 αἴσχιον.
2552 506 2629 572 ef.

331 609 566 676 Coriol.
612 612 730 676 20:
775 604 1017 675 καινὸν
1061 609 1528 694 κατηγόρησαν
1573 605 1783 676 αὐτοῦ
1827 607 2273 697 κατηγόρημα.

511 716 580 783 Ο.
625 718 712 783 43
760 721 930 782 extr:
978 711 1126 782 ἀλλ’
1179 711 1400 802 ῶσπερ
1448 717 1522 783 ἐν
1569 714 1799 802 ῥόδοις
1856 720 1963 782 δεῖ
2001 720 2459 803 κανθαρίδα
2505 743 2629 803 φυ-

326 820 688 890 λάττεσθαι
733 818 858 908 τὴν
902 825 1336 908 βλασφημίαν
1381 818 1593 890 αὐτοῦ
1647 822 1759 889 καὶ
1813 828 2223 908 κακολόγίαν
2271 830 2475 903 λείοις
2518 825 2628 891 καὶ

329 925 610 1008 ἁπαλοῖς
672 927 1004 1015 σχήμασιν
1057 925 1574 997 ὑποδεδυκυῖαν.
1667 931 2033 998 Annotavit
2102 931 2383 998 Cobetus
2442 933 2629 998 haee:

330 1036 523 1114 ‘Quid
572 1037 697 1104 sibi
743 1038 886 1103 vult
939 1038 1010 1102 in
1065 1038 1183 1103 tali
1243 1039 1727 1122 comparatione
1781 1039 2217 1124 κανθαρίςῬ
2299 1038 2429 1105 Res
2484 1041 2629 1124 ipsa

328 1145 512 1238 ducit
551 1145 634 1210 ad
679 1140 899 1229 ῶσπερ
949 1143 1024 1210 ἐν
1079 1141 1309 1230 ῥόδοις
1354 1147 1463 1210 δεῖ
1510 1145 1913 1211 ἈΚΑΝΘΑΝ
1970 1143 2459 1229 φυλάττεσθαι,
2516 1147 2629 1211 aut
2704 1149 2711 1156 ’

330 1252 438 1316 δεῖ
477 1253 628 1319 ΤΑ(
668 1246 1058 1319 ἈΚΑΝΘΑΕ
1104 1256 1288 1336 φυλ.;
1332 1252 1562 1317 deinde
1601 1254 1829 1338 supple
1868 1253 2112 1319 omissa
2150 1249 2357 1340 (οὕτω
2403 1252 2513 1319 καὶ
2552 1253 2627 1319 ἐν

327 1359 408 1444 τῇ
445 1353 818 1443 Ἡροδότου
862 1359 1060 1447 λέξει)
1106 1355 1233 1444 τὴν
1277 1359 1751 1450 βλασφημίανῖ
1835 1359 2013 1436 Quae
2062 1380 2185 1444 ego
2231 1361 2369 1426 viro
2418 1361 2624 1426 erudi-

329 1465 585 1531 tissimo
631 1467 874 1552 scripta
925 1469 1183 1532 nollem.
1266 1466 1658 1533 Emendatio
1716 1468 1914 1552 enim,
1951 1468 2265 1552 quamvis
2319 1469 2628 1552 speciosa,

330 1594 486 1637 vera
529 1595 665 1639 non
711 1579 828 1640 est.
909 1561 1199 1639 Primum
1244 1596 1433 1639 rosae
1482 1575 1777 1660 spinulae
1820 1575 2007 1660 quasi
2054 1597 2307 1640 summa
2352 1575 2485 1639 euti
2528 1597 2627 1639 ra-

332 1678 542 1744 denda
585 1680 985 1746 levissimum
1033 1701 1198 1746 sane
1231 1682 1477 1746 malum
1521 1681 1841 1767 infligunt,
1888 1684 2084 1766 atque
2129 1682 2215 1766 id,
2261 1682 2431 1767 quod
2478 1705 2624 1748 eum

327 1787 592 1852 vulnere
647 1788 857 1873 gravi,
911 1792 985 1852 ut
1028 1789 1124 1852 ita
1179 1787 1388 1853 dicam
1397 1838 1418 1872 ,
1473 1788 1831 1854 calumniae
1880 1793 1960 1853 et-
1997 1788 2391 1854 invidentiae
2446 1791 2625 1856 nullo

326 1893 518 1958 modo
566 1895 928 1980 comparari
972 1895 1210 1980 possit3
1267 1895 1512 1961 aceedit
1557 1896 1747 1980 quod-
1782 1896 1859 1960 αὖ
1906 1891 2200 1961 ἄκανθαι
2258 1889 2380 1980 οὐχ
2435 1891 2628 1962 ὑπο-

331 1999 691 2085 δύονται,
735 2005 812 2066 ut
855 1995 896 2086 ἡ
944 2005 1305 2084 κακολογία
1359 1999 1470 2067 καὶ
1531 2004 1937 2088 βλασφημία.
2016 2001 2199 2066 Haec
2252 2005 2471 2067 tamen
2527 2025 2628 2068 ex-

330 2109 730 2174 eusationem
778 2108 1103 2192 quandam
1154 2107 1392 2174 habere
1438 2113 1743 2193 possunt3
1788 2111 2039 2174 nullam
2076 2109 2405 2194 relinquit,
2454 2109 2627 2193 quod

328 2215 570 2300 legitur
605 2216 684 2280 de
710 2215 968 2281 Invidia
1002 2221 1062 2280 et
1094 2217 1232 2281 odio
1269 2239 1318 2282 e.
1351 2218 1391 2281 6
1429 2213 1520 2302 (p.
1550 2217 1678 2282 537
1702 2217 1793 2304 f):
1828 2213 2135 2301 καθάπερ
2172 2211 2301 2300 γὰρ
2337 2217 2415 2280 αἱ
2445 2239 2627 2281 καν-

324 2325 529 2406 θαρί
535 2323 576 2386 δ
584 2346 660 2399 ες
698 2318 1069 2407 ἐμφύονται
1099 2318 1384 2406 μάλιστα
1411 2323 1502 2412 τῷ
1533 2317 1891 2408 ἀκμάζοντι
1925 2327 2082 2410 σίτῳ
2110 2320 2221 2388 καὶ
2258 2334 2399 2398 τοῖς
2426 2316 2626 2388 εὐθα-

325 2427 470 2494 λέσι
517 2425 764 2514 ῥόδοις,
814 2422 1025 2506 οὕτως
1071 2423 1108 2494 ὁ
1155 2425 1422 2514 φθόνος
1469 2423 1737 2495 ἅπτεται
1785 2424 2067 2512 μάλιστα
2114 2429 2251 2494 τῶν
2303 2466 2377 2475 —-
2430 2423 2629 2512 ἠθῶν

325 2533 438 2601 καὶ
483 2531 880 2623 προσώπων.
963 2537 1042 2603 ef.
1087 2560 1148 2622 p.
1195 2539 1282 2604 22
1311 2538 1372 2604 b.
1428 2538 1839 2624 Κανθαρίδα
1882 2538 2086 2623 igitur
2130 2537 2484 2604 rectissime
2532 2535 2627 2602 di-

325 2644 425 2709 xit
468 2643 725 2710 Noster.
810 2644 994 2721 Quod
1053 2646 1134 2710 ad
1195 2646 1714 2731 supplementum
1773 2642 2005 2711 Cobeti
2068 2646 2330 2731 attinet,
2386 2667 2462 2711 eo
2522 2667 2624 2710 ea-

327 2773 468 2815 rere
513 2752 744 2835 possis.

505 2856 610 2923 De
645 2857 936 2941 placitis
973 2856 1572 2941 philosophorum
1602 2860 1742 2925 Lib.
1770 2860 1820 2945 I,
1858 2855 1927 2927 ς’
1969 2857 2058 2945 (p.
2097 2860 2226 2926 879
2256 2858 2341 2946 f):
2392 2856 2623 2947 διόπερ

328 2965 401 3029 οἱ
440 2960 561 3030 τὸν
604 2963 752 3051 περὶ
797 2966 937 3030 τῶν
971 2966 1158 3031 θεῶν
1203 2962 1617 3050 παραδόντες
1653 2962 2012 3052 σεβασμόν,
2061 2961 2173 3031 διὰ
2218 2968 2426 3051 τριῶν
2464 2963 2628 3053 ἡμῖν

327 3069 654 3157 ἐξέθηκαν
701 3072 926 3156 εἰδῶν,
971 3074 1236 3158 πρῶτον
1281 3070 1404 3158 μὲν
1449 3076 1573 3141 τοῦ
1628 3075 1949 3158 φυσικοῦ,
2008 3070 2326 3161 δεύτερον
2385 3074 2460 3141 δὲ
2504 3078 2626 3143 τοῦ

325 3181 656 3264 μυθικοῦ,
699 3184 928 3267 τρίτον
976 3178 1050 3245 δὲ
1094 3183 1219 3247 τοῦ
1261 3178 1386 3266 τὴν
1431 3187 1807 3269 μαρτυρίαν
1862 3182 1932 3248 ἐκ
1977 3183 2113 3248 τῶν
2172 3180 2405 3268 νόμων
2452 3186 2620 3268 εἰλη-

327 3284 567 3374 φότος,
624 3290 1048 3353 διοικεῖσθαι.
1140 3284 1444 3354 Reiskius
1503 3290 1867 3356 emendavit
1920 3290 1991 3355 oc
2043 3285 2162 3357 τὸν
2214 3288 2365 3376 περὶ
2420 3287 2628 3367 θεοὺς

323 3391 740 3481 παραδόντες
795 3390 1135 3480 σεβασμόν
1189 3401 1543 3481 posteaque
1606 3397 1843 3461 delevit
1905 3397 2325 3461 διοικεῖσθαι.
2419 3395 2623 3480 Wytt.

325 3507 465 3568 aut:
523 3498 905 3585 εἰληφότος,
955 3493 1056 3579 οἷς
1109 3498 1450 3587 εἰώθαμεν
1504 3504 2028 3586 διοικεῖσθαι,
2086 3506 2197 3569 aut
2249 3525 2368 3588 pro
2426 3504 2625 3568 διοι-

324 3616 646 3675 κεῖσθαι
694 3607 1105 3674 seribendum
1162 3610 1621 3693 διοικεῖται,
1679 3632 1842 3695 quae
1905 3632 2055 3675 vera
2109 3610 2302 3675 lectio
2349 3610 2624 3695 proximi

326 3714 710 3782 διδάσκεται
756 3719 872 3801 est,
917 3719 1152 3781 censet.
1233 3714 1398 3781 Mihi
1441 3718 1697 3783 videtur
1742 3718 1876 3783 aut⁴
1909 3717 2076 3782 nihil
2124 3718 2621 3804 sollicitandum,

323 3827 400 3888 ut
462 3823 774 3888 infinitivi
840 3823 1243 3888 διοικεῖσθαι
1309 3825 1672 3890 subiectum
1740 3826 1825 3890 sit
1883 3820 2004 3890 τὸν
2070 3822 2437 3910 σεβασμόν;
2496 3830 2626 3910 aut,

328 3928 500 4015 quod
545 3933 856 4014 praestat,
901 3952 1021 4013 pro
1066 3925 1230 4015 ἡμῖν
1278 3931 1686 3997 scribendum
1732 3927 1925 4017 ἡμᾶς,
1972 3934 2010 3999 i.
2054 3955 2105 3997 e.
2154 3931 2477 4016 ἐξέθηκαν
2522 3927 2625 3998 ὅτι

323 4030 550 4120 ἡμεῖς
597 4033 1041 4122 διοικούμεθα
1087 4033 1198 4102 διὰ
1243 4039 1451 4123 τριῶν
1497 4041 1732 4121 εἰδῶν,
1780 4040 2047 4125 πρῶτον
2093 4036 2215 4124 μὲν
2261 4040 2383 4103 τοῦ
2430 4056 2623 4123 φυσι-

323 4144 452 4209 κοῦ
502 4150 638 4211 κτλ.
731 4144 997 4211 Lacuna
1049 4145 1250 4231 igitur
1305 4168 1438 4212 non
1495 4168 1685 4233 opus3
1751 4170 1903 4211 nam
1963 4148 2101 4212 sine
2158 4168 2235 4211 ea
2300 4146 2625 4211 sententia

325 4250 551 4316 eadem
596 4252 891 4319 efficitur.

501 4357 751 4424 Ibidem
798 4382 860 4445 p.
909 4361 1039 4427 880
1067 4383 1101 4425 e
1157 4359 1364 4426 oratio
1424 4362 1787 4445 incongrua
1841 4362 1935 4425 ita
1990 4358 2371 4445 corrigenda
2418 4363 2483 4425 et
2527 4360 2623 4426 in-

323 4465 774 4551 terpungenda
819 4466 982 4531 mihi
1026 4466 1305 4531 videtur:
1361 4464 1654 4551 ἔβδομον
1712 4462 1787 4531 δὲ
1840 4464 1951 4531 καὶ
2008 4464 2113 4532 ἐπὶ
2170 4466 2331 4533 πᾶσι
2384 4462 2459 4533 τὸ
2511 4463 2623 4533 διὰ
