3200 5175
1329 295 1761 359 *71-

393 470 756 555 Iamblichi,
802 470 913 554 qui
960 470 1398 565 abundantius
1446 470 1522 536 de
1567 492 1637 535 re
1683 471 1905 537 eadem
1950 473 2256 557 narravit,
2314 471 2693 539 adversatur

396 577 708 643 disertum
762 576 1234 663 testimonium,
1275 578 1450 662 quod
1495 581 1595 643 est
1640 600 1692 643 c.
1737 576 1857 643 IV:
1914 576 2174 644 ἐκεῖθεν
2222 572 2285 645 δ’
2336 581 2432 655 εἰς
2473 576 2691 645 πάντα

397 683 748 767 ἐφοίτησεν
785 679 930 769 ἱερὰ
954 680 1115 769 μετὰ
1141 686 1448 767 πλείστης
1483 685 1782 769 σπουδῆς
1820 682 1931 749 καὶ
1968 679 2287 770 ἀκριβοῦς
2323 682 2689 771 ἐξετάσεως,

395 786 753 875 θ-αυμαζό
765 788 953 875 μενό
962 815 996 867 ς
1051 813 1120 855 τε
1173 788 1284 855 καὶ
1331 787 1769 877 στεργόμενος
1820 785 1949 857 ὑπὸ
1996 792 2133 858 τῶν
2179 792 2689 877 συγγινομένων

395 896 628 982 ἱερέων
653 894 764 963 καὶ
791 897 1157 983 προφητῶν
1182 901 1315 963 κτλ.
1363 896 1458 963 Cf.
1489 898 1687 963 etiam
1715 919 1851 983 cap.
1880 898 1997 984 ΠΙ,
2023 899 2135 964 ubi
2163 899 2463 983 fabulosa
2490 922 2684 984 quae-

395 1005 544 1070 dam
589 1005 667 1069 de
703 1004 1080 1090 Pythagora
1123 1005 1562 1090 proferuntur,
1646 1004 1773 1070 Hic
1812 1006 1986 1071 enim
2022 1028 2158 1071 non
2194 1006 2271 1071 de
2308 1006 2435 1071 fide
2480 1006 2683 1072 histo-

389 1112 524 1177 rica
569 1112 915 1199 quaeritur,
961 1112 1074 1177 sed
1118 1111 1196 1177 de
1242 1133 1319 1177 eo
1364 1115 1643 1197 tantum,
1690 1112 1845 1197 quid
1890 1112 2277 1179 Plutarchus
2326 1114 2681 1198 scripserit:

391 1220 459 1284 et
501 1217 669 1283 Plut.
715 1240 880 1303 quae
924 1221 1168 1303 narrat,
1215 1240 1465 1303 semper
1510 1240 1664 1283 vera
1708 1241 1843 1287 non
1890 1223 2059 1285 sunt.

525 1320 646 1389 'In
693 1326 918 1391 eodem
964 1346 1102 1408 cap.
1152 1327 1324 1390 extr:
1382 1326 1681 1391 τίκτουσι
1729 1321 1803 1389 δὲ
1847 1320 1967 1390 τὸν
2012 1322 2223 1409 γόνον
2267 1320 2359 1403 ὣς
2403 1343 2682 1414 σφαιρο-

385 1432 721 1515 ποιοῦσιν,
759 1427 844 1497 οὐ
871 1432 1124 1517 τροφῆς
1148 1431 1406 1516 μᾶλλον
1432 1424 1608 1516 ῦλην
1633 1424 1674 1516 ἢ
1704 1430 2025 1515 γενέσεως
2058 1428 2289 1516 χώραν
2316 1451 2679 1519 παρασκευ-

387 1534 668 1618 άζοντες.
723 1538 1142 1603 Herwerdeni
1169 1538 1504 1603 annotatio
1533 1538 1693 1603 haec
1720 1542 1844 1604 est:
1884 1537 2060 1603 evera
2088 1561 2229 1605 esse
2256 1541 2484 1627 nequit
2502 1540 2678 1605 Mad-

386 1645 546 1731 vigii
581 1646 976 1711 coniectura:
1021 1647 1315 1710 τίκτουσι
1352 1642 1428 1710 δὲ
1463 1640 1587 1710 τὸν
1621 1640 1833 1729 γόνον
1872 1646 1983 1722 εἰς
2027 1640 2311 1728 ὄνθον,
2355 1640 2392 1711 ο“
2405 1670 2448 1711 ν
2484 1661 2673 1730 σφαι-

383 1752 798 1837 ροποιοῦσιν.
877 1751 1140 1818 Fundus
1198 1755 1296 1817 est
1360 1751 1830 1817 emendationis
1897 1774 2033 1837 cap.
2083 1754 2194 1836 74,
2248 1753 2362 1817 ubi
2414 1754 2677 1839 legitur:

390 1854 480 1923 Τὸ
529 1854 604 1924 δὲ
647 1855 1016 1944 κανθάρων
1060 1856 1254 1943 γένος
1300 1852 1424 1925 οὐκ
1479 1861 1655 1943 ἔχειν
1698 1855 2019 1943 θήλειαν,
2066 1854 2352 1944 ἄρρενας
2398 1856 2471 1925 δὲ
2516 1856 2678 1925 πάν-

380 1990 498 2043 τας
541 1960 812 2050 ἀφιέναι
856 1962 978 2031 τὸν
1023 1962 1234 2049 γόνον
1280 1968 1374 2043 εἰς
1416 1961 1542 2051 τῆν
1596 1963 2393 2052 σφαιροποιουμένην
2444 1962 2674 2051 ὕλην,

380 2067 467 2158 ἣν
510 2074 947 2139 κυλίνδουσιν
993 2063 1364 2157 ἀντιβάδην
1401 2066 1759 2150 ὠθοῦντες.
1846 2071 2034 2138 Unde
2070 2074 2309 2157 possis:
2366 2076 2674 2139 Τίκτουσι

341 2208 350 2215 ·
383 2176 456 2245 δὲ
492 2176 615 2245 τὸν
660 2176 870 2264 γόνον
909 2173 1271 2266 (ἀφέντες
1316 2179 1427 2255 εἰς
1473 2174 1758 2261 ὄνθον,
1796 2172 1907 2266 ὃν)
1945 2180 2513 2266 σφαιροποιοῦσιν
2548 2179 2673 2247 κτὲ.

379 2286 551 2352 Nam
598 2281 636 2352 ὁ
673 2285 877 2369 γόνος
922 2288 1022 2350 est
1065 2280 1139 2351 τὸ
1188 2282 1485 2371 σπέρμα.’
1569 2284 1782 2351 Locus
1820 2288 2038 2351 tamen
2080 2286 2417 2371 appositus
2464 2287 2673 2353 solam

381 2392 1040 2478 Wyttenbachianam
1088 2392 1376 2459 defendit
1421 2392 1911 2459 correctionem:
1964 2394 2123 2456 τίκτ.
2179 2388 2254 2457 δὲ
2296 2386 2419 2457 τὸν
2462 2390 2674 2477 γόνον

379 2501 492 2576 είς
543 2494 742 2584 ὕλην
801 2494 898 2583 ἣν
956 2498 1639 2587 σφαιροποιοῦσιν
1685 2499 1809 2588 (---=·-
1856 2500 1950 2577 εἰς
2012 2494 2139 2583 τὴν
2192 2516 2669 2585 σφαιροποιου-

379 2604 587 2691 μένην
632 2601 804 2690 ῦλην
849 2629 902 2672 c.
943 2605 1054 2692 74)
1103 2602 1185 2673 οὐ
1233 2608 1484 2692 τροφῆς
1527 2608 1786 2692 μᾶλλον
1830 2601 1872 2692 ἢ
1918 2607 2239 2692 γενέσεως
2283 2603 2508 2694 χώραν
2554 2629 2670 2674 πα-

378 2728 562 2797 ρασκ.
610 2708 849 2796 ΨΥλην
895 2714 1080 2779 abest
1125 2714 1193 2778 in
1237 2713 1385 2779 Ald.
1431 2713 1577 2778 Bas.
1626 2713 1778 2798 Xyl.
1824 2718 1891 2778 et
1946 2715 2113 2781 forte
2168 2736 2300 2779 non
2357 2737 2475 2780 suo
2524 2716 2667 2782 loco
2717 2751 2723 2758 ·

378 2822 444 2886 et
484 2819 590 2884 hie
636 2822 702 2884 et
745 2821 816 2885 in
861 2820 1040 2885 codd.
1085 2818 1393 2905 positum'
1441 2818 1733 2906 (wyte).

553 2925 623 2992 O.
667 2927 750 2992 14
797 2923 886 3014 (p.
923 2925 1052 2993 356
1083 2925 1179 3013 d):
1224 2921 1349 3012 τὴν
1396 2921 1458 2991 δ’
1497 2915 1669 2991 Ἶσιν
1705 2923 2124 3012 αἰσθομένην
2164 2929 2508 3010 κείρεσθαι
2544 2926 2669 3014 μὲν

375 3031 672 3099 ἐνταῦθα
705 3034 842 3100 τῶν
885 3028 1248 3118 πλοκάμων
1283 3031 1424 3116 ἕνα,
1469 3031 1580 3098 καὶ
1625 3032 1966 3118 πένθιμον
2000 3029 2247 3118 στολὴν
2282 3028 2668 3120 ἀναλαβεῖν,

374 3135 546 3204 ὅπου
590 3139 669 3225 τῇ
705 3136 894 3205 πόλει
929 3139 1120 3226 μέχρι
1165 3140 1298 3206 νῦν
1335 3135 1549 3226 ὄνομα
1597 3134 1860 3205 Κοπτώ.
1934 3139 2143 3225 Wytt.
2180 3142 2463 3226 supplet:
2511 3138 2667 3209 ἀνα-

373 3249 626 3330 λαβεῖν,
671 3241 1037 3313 κόπτεσθαι
1083 3244 1158 3312 δὲ
1205 3246 1279 3312 ἐν
1323 3246 1403 3334 τῇ
1449 3243 1658 3330 πόλει,
1707 3235 1751 3334 ᾗ
1796 3245 1986 3333 μέχρι
2024 3247 2153 3312 νῦν
2200 3241 2301 3312 ὄν.
2349 3251 2433 3314 Κ.
2504 3249 2665 3315 Her-

374 3354 734 3419 werdenus:
771 3357 1128 3441 κείρασθαι
1165 3352 1464 3421 ἐνταῦθα
1499 3391 1584 3400 -
1615 3347 1981 3437 ἀναλαβεῖν
2018 3351 2174 3440 (καὶ
2208 3350 2665 3442 κόψασθαι),

373 3455 545 3526 ὅπου
598 3456 791 3538 πόλις
836 3466 972 3526 κτλ.
1053 3459 1353 3525 Proxime
1409 3461 1502 3526 sic
1559 3460 1909 3525 scribatur:
1972 3462 2328 3545 κείρασθαι
2382 3456 2506 3545 μὲν
2560 3460 2666 3527 ἐν·

370 3567 592 3632 ταῦθα
639 3565 707 3652 (i.
746 3589 797 3631 e.
837 3565 912 3631 ἐν
945 3565 1222 3651 Χέμμει)
1257 3565 1394 3630 τῶν
1431 3570 1534 3631 πλ.
1571 3550 1696 3648 ἕνα
1731 3562 1842 3630 καὶ
1885 3602 1961 3612 -
1995 3560 2239 3649 στολὴν
2277 3558 2665 3652 ἀναλαβεῖν,

371 3685 668 3779 ὅπου[δὲ]
717 3692 796 3778 τῇ
843 3686 1030 3757 πόλει
1076 3690 1266 3776 μέχρι
1311 3691 1445 3756 νῦν
1490 3685 1707 3775 ὄνομα
1758 3685 1997 3758 Konna&
2048 3664 2487 3779 [Κόψασθαι].

547 3797 617 3864 O.
669 3799 747 3864 17
797 3801 964 3863 extr:
1010 3795 1122 3862 καὶ
1174 3792 1250 3863 τὸ
1299 3793 1741 3883 δεικνύμενον
1794 3790 2023 3874 αὐτοῖς
2078 3797 2361 3863 εἴδωλον
2408 3835 2491 3844 -
2541 3792 2665 3864 οὐκ

371 3905 551 3972 ἔστιν
603 3899 965 3990 ὑπόμνημα
1006 3905 1130 3971 τοῦ
1172 3903 1322 3992 περὶ
1371 3899 1699 3990 Ὀσίριδος
1751 3899 2018 3981 πάθους
2066 3939 2178 3987 --,
2224 3896 2370 3969 ἀλλ’
2434 3904 2661 3969 οἰνω-

370 4017 660 4095 μένους
702 4015 1112 4097 παρακαλεῖν
1163 4007 1409 4090 αὑτοὺς
1461 4013 1755 4097 χρῆσθαι
1808 4017 1949 4088 τοῖς
2000 4007 2455 4096 παροῦσι-καὶ
2502 4003 2661 4075 ἀπο-

370 4114 621 4202 λαύειν,
659 4113 748 4195 ὡς
781 4115 1036 4196 πάντας
1071 4113 1305 4184 αὐτίκα
1341 4114 1516 4203 μάλα
1542 4113 1891 4194 τοιούτους
1922 4114 2305 4201 ἐσομένους·
2346 4105 2429 4182 οὗ
2463 4099 2659 4200 χάριν

373 4221 475 4289 ἐπὶ
526 4225 756 4311 κῶμον
811 4222 1250 4309 ἐπεισάγουσι.
1341 4223 1516 4288 Ante
1569 4223 2024 4288 Marklandum
2079 4221 2393 4287 edebatur
2445 4222 2658 4306 οἰομέ-

373 4353 546 4409 νους.
627 4332 1038 4416 Duebnerus,
1095 4329 1481 4414 ἐσομένους,
1534 4324 1777 4415 ἄχαριν
1834 4327 2183 4413 ἐπίκωμον.
2264 4326 2658 4416 Madvigius:

371 4430 512 4504 ἀλλ’
572 4433 872 4524 οἰόμενοι
932 4439 1078 4503 δεῖν
1133 4435 1604 4520 οἰνουμένους,
1669 4436 1921 4529 quibus=
1963 4455 2179 4501 carere
2234 4434 2466 4520 possis.
2554 4435 2657 4502 Ex
