3200 5175
1231 337 1671 404 -95—

294 516 640 586 Sententia
711 518 984 603 requirit
1055 511 1355 583 εὖκόλω
1369 542 1402 594 ς
1415 565 1436 599 ,
1515 538 1643 602 quo
1704 515 1948 581 ducunt
2017 516 2177 582 Ald·:
2250 511 2287 582 6
2364 517 2597 594 καλῶς.

288 623 453 689 Bas:
499 624 734 701 καλῶς.

473 731 680 797 Paulo
725 735 902 817 post:
950 728 1110 796 οὐδὲ
1155 725 1191 795 6
1228 731 1345 814 τῆς
1389 725 1715 814 κινήσεως
1751 727 1860 796 καὶ
1908 725 2452 807 συνεντάσεως
2486 727 2597 794 καὶ

291 834 858 924 παραστάσεως
901 837 1146 925 τρόπος
1183 833 1464 921 χαλεπὸς
1511 829 1554 920 ἢ
1590 838 1931 914 παντελῶς·
1964 831 2217 922 ἄπορος
2251 837 2600 921 συνοφθῆ-

291 971 446 1029 ναι,
497 939 660 1011 καθ’
721 939 804 1011 ὃν
859 939 902 1028 ἡ
957 939 1138 1029 ψυχὴ
1203 941 1506 1028 νοήσασα
1571 944 1912 1028 ἐφέλκεται
1974 953 2119 1021 ταῖς
2180 939 2418 1031 ὁρμαῖς
2479 940 2599 1010 τὸν

293 1049 529 1137 ὄγκον,
567 1046 712 1117 ἀλλ’
758 1050 842 1117 ἐν
879 1046 1036 1140 ὅσῳ
1074 1046 1284 1136 μα’λα
1329 1052 1482 1136 δίχα
1520 1050 1755 1140 φωνῆς
1799 1050 2152 1135 ἐννοηθεὶς
2194 1061 2371 1117 κινεῖ
2401 1050 2601 1135 λόγος

296 1155 784 1246 ἀπραγμόνως,
841 1154 1054 1236 οὕτως
1117 1153 1240 1224 οὐκ
1295 1152 1381 1224 ἂν
1438 1153 1624 1242 οἶμαι
1681 1159 2091 1236 δυσπείστως
2148 1161 2415 1244 ἔχοιμεν
2466 1152 2598 1223 ὑπὸ

297 1268 434 1332 νοῦ
469 1269 864 1352 κρείσσονος
897 1266 1074 1331 νοῦν
1108 1263 1220 1331 καὶ
1255 1267 1474 1350 ψυχῆς
1508 1263 1855 1349 θειοτέρας
1890 1261 2261 1349 ἀγαγέσθαι
2287 1261 2602 1351 θύραθεν

295 1373 746 1459 ἐφαπτομένη,
790 1361 835 1460 ᾖ
880 1372 1178 1458 πέφυκεν
1226 1368 1491 1457 ἐπαφὴν
1545 1367 1582 1439 6
1631 1368 1833 1456 λόγος
1894 1378 2107 1457 ἴσχειν
2159 1368 2327 1455 πρὸς
2371 1368 2600 1456 λόγον,

295 1477 522 1565 ὥσπερ
557 1482 706 1566 φῶς
739 1474 1160 1563 ἀνταύγειαν.
1223 1478 1328 1544 Ita
1355 1479 1536 1545 codd.
1565 1477 2072 1563 wyttenbachio
2099 1479 2365 1544 turbata.
2392 1480 2600 1545 oratio

295 1590 396 1653 ita
439 1588 573 1653 fere
629 1587 1085 1654 constituenda.
1138 1586 1420 1652 videtur:
1478 1587 1554 1651 εἰ
1608 1586 1651 1650 δ
1661 1581 1693 1650 ὲ
1747 1580 1784 1650 6
1840 1586 1958 1670 τῆς
2010 1581 2337 1668 κινήσεως
2384 1621 2461 1632 -
2518 1623 2595 1632 --

298 1691 420 1760 τὸν
467 1689 700 1778 ὄγκον,
745 1688 888 1759 ἀλλ’
941 1689 1148 1779 ὅμως
1193 1695 1410 1779 σῶμα
1457 1694 1613 1778 δίχα
1656 1693 1891 1778 φωνῆς
1938 1730 2022 1739 -
2074 1727 2151 1740 --·
2202 1694 2417 1777 ψυχῆς
2459 1700 2599 1759 θει-

299 1799 534 1886 οτέρας
605 1796 833 1886 ψυχὴν
907 1793 994 1866 ἀν
1057 1796 1341 1885 ἄγεσθαι
1417 1795 1576 1884 θύρ.
1643 1798 2137 1885 ἐφαπτομένης
2198 1787 2242 1886 ᾖ
2304 1799 2603 1885 πέφυκεν

298 1908 560 1995 ἐπαφῇ
607 1905 697 1973 κε’.
778 1906 1082 1974 Reiskius
1127 1929 1247 1992 pro
1285 1903 1742 1984 συνεντάσεως
1786 1903 1899 1972 καὶ
1944 1902 2418 1990 παραστάσεως
2452 1929 2603 1973 con-

295 2016 542 2081 iecerat
605 2010 986 2091 συντάσεως
1045 2011 1158 2080 καὶ
1228 2010 1712 2101 παρασπάσεως
1774 2052 1849 2062 ——
1920 2051 1995 2061 —-
2056 2051 2145 2061 --
2201 2011 2315 2080 καὶ
2379 2010 2604 2100 ψυχὴν

295 2123 522 2207 ψυχῆς
582 2119 931 2205 θειοτέρας
995 2157 1072 2167 —-
1129 2107 1592 2206 ἐφαπτομένης
1655 2115 1752 2205 ἢν
1812 2119 2111 2206 πέφυκεν
2169 2118 2451 2206 ἐπαφὴν
2500 2159 2604 2205 -,

295 2225 525 2313 ὥσπερ
581 2229 726 2313 φῶς
779 2224 947 2312 πρὸς
1009 2223 1431 2312 ἀνταύγειαν.
1521 2227 1905 2294 Duebnerus
1966 2229 2188 2294 edidit:
2251 2223 2287 2294 6
2347 2224 2423 2294 δὲ
2485 2230 2606 2313 τῆς

293 2331 626 2419 κινήσεως
669 2373 757 2382 ——
810 2372 884 2382 -
937 2329 1102 2400 ἀλλ’
1153 2323 1196 2421 ᾗ
1238 2330 1324 2401 τὸ
1374 2335 1561 2419 σῶμα
1620 2336 1775 2420 δίχα
1810 2338 2042 2420 φωνῆς
2086 2373 2171 2383 —-
2226 2373 2302 2383 —
2351 2332 2604 2417 θειοτέ-

297 2467 424 2528 ρας
469 2437 755 2526 ἄγεσθαι
805 2478 881 2488 --
935 2438 1396 2525 ἐφαπτομένης
1440 2429 1482 2528 ᾖ
1518 2439 1670 2526 πέφ.
1714 2438 1997 2527 ἐπαφήν.
2040 2481 2120 2491 -
2158 2441 2423 2508 Fundus
2461 2463 2604 2508 sen-

296 2550 550 2615 tentiae
587 2553 716 2617 est:
765 2544 985 2633 ὥσπερ
1025 2541 1108 2613 οὐ
1144 2543 1436 2633 χαλεπόν
1464 2546 1602 2615 ἐστι
1648 2549 1955 2616 συνιδεῖν
1986 2545 2109 2617 τὸν
2143 2545 2397 2637 τρόπον
2439 2542 2600 2615 καθ’

298 2652 387 2724 ὃν
432 2653 475 2741 ἡ
524 2654 704 2743 ψυχὴ
752 2656 1094 2742 ἐφέλκεται
1138 2651 1258 2723 τὸν
1306 2650 1533 2740 ὄγκον,
1580 2656 1730 2724 ἐπεί
1763 2680 1840 2742 γε
1882 2655 1994 2723 καὶ
2035 2653 2112 2724 τὸ
2170 2658 2359 2742 σῶμα
2404 2652 2605 2740 λόγος

303 2766 462 2849 δίχα
509 2766 745 2849 φωνῆς
777 2774 958 2830 κινεῖ
997 2757 1464 2849 ἀπραγμόνως·
1514 2758 1725 2842 οὕτως
1771 2758 1854 2830 οὐ
1890 2759 2181 2849 χαλεπὸν
2226 2757 2313 2829 ἀν
2358 2770 2460 2850 εἴη
2508 2764 2605 2853 νῷ

299 2874 646 2957 κρείσσονι
690 2872 814 2938 τοῦ
853 2872 992 2936 τῶν
1035 2864 1424 2955 ἀνθρώπων
1468 2871 1596 2936 νοῦ
1644 2868 2075 2956 ἐφάπτεσθαι.
2148 2870 2269 2937 Oui
2312 2873 2605 2957 proxime

305 2979 718 3049 scribendum
767 2978 1044 3047 conicio:
1095 2974 1190 3065 [εἰ
1224 2974 1324 3065 δὲ]
1375 2972 1561 3043 οὐδὲ
1606 2972 1643 3043 6
1691 2979 1809 3063 τῆς
1852 2974 2176 3062 κινήσεως
2217 2976 2330 3045 καὶ
2368 2976 2605 3045 συντά-

306 3103 478 3164 σεως
511 3124 585 3133 -
625 3124 728 3169 -‚
757 3078 920 3151 ἀλλ’
955 3073 999 3171 ᾖ
1032 3080 1108 3150 τὸ
1140 3086 1329 3169 σῶμα
1367 3086 1520 3171 δίχα
1547 3087 1782 3171 φωνῆς
1808 3087 1877 3169 (i.
1904 3110 1957 3153 e.
1986 3082 2129 3152 ἀλλ’
2172 3087 2354 3151 ἔστιν
2382 3082 2605 3174 ὥσπερ

301 3190 381 3260 τὸ
430 3194 648 3279 σῶματ
693 3186 840 3258 ἀλλ’
892 3188 933 3276 ῆ
981 3189 1160 3277 ψυχὴ
1210 3192 1550 3277 ἐφέλκεται
1595 3188 1720 3258 τὸν
1764 3188 1972 3275 ὄγκον
2027 3188 2248 3278 ὥσπερ
2292 3189 2368 3260 τὸ
2416 3196 2605 3279 σῶμα

303 3300 470 3388 κτλ.)
525 3338 614 3347 -
676 3297 788 3364 καὶ
843 3293 1068 3382 ψυχὴν
1135 3301 1352 3384 ψυχῆς
1414 3297 1762 3386 θειοτέρας
1825 3291 1912 3364 ἀν
1964 3295 2249 3383 ἄγεσθαι
2311 3336 2387 3347 ·—
2449 3299 2607 3385 ἐφα-

302 3405 664 3492 πτομένης
708 3400 806 3490 ἣν
850 3404 1169 3490 πέφυκεν
1207 3401 1473 3490 ἐπαφὴν
1516 3404 1607 3470 κὲ.
1680 3405 1905 3491 Neque
1962 3404 2171 3491 Wytt.
2216 3407 2605 3473 emendatio:

301 3504 348 3601 ᾖ
400 3552 477 3561 —-
531 3511 785 3599 ἐπαφῇ,
833 3534 1043 3597 neque
1088 3512 1420 3579 Duebneri
1464 3502 1507 3599 ᾖ
1561 3548 1639 3559 -
1688 3508 1957 3597 ἐπαφήν
2000 3516 2173 3579 reete
2220 3536 2291 3579 se
2336 3514 2605 3601 habent3

312 3621 634 3687 Graecum
672 3623 773 3685 est
818 3615 1192 3705 ἐφάπτομαι
1221 3614 1487 3704 ἐπαφὴν
1529 3616 1868 3705 τοιαύτην,
1896 3621 2068 3704 quod
2112 3620 2418 3688 Reiskius
2463 3645 2605 3707 per-

307 3729 540 3814 spexit.
623 3726 722 3792 De
779 3727 1263 3793 construetione
1308 3727 1387 3792 ef.
1441 3749 1504 3810 p.
1556 3728 1728 3793 1100
1758 3727 1825 3792 d:
1882 3729 1953 3793 εἰ
2007 3724 2092 3793 δὲ
2145 3726 2433 3814 χρησμοὶ
2494 3727 2606 3795 καὶ

307 3831 590 3922 μαντικὴ
645 3872 719 3881 -
774 3829 1057 3911 ἔνδοξόν
1113 3832 1250 3900 ἐστι
1303 3831 1416 3899 καὶ
1477 3828 1737 3913 εὐκλεές
1745 3886 1763 3920 ,
1819 3829 2067 3912 οὕτως
2111 3828 2387 3919 ’ἀνάγκη
2451 3831 2610 3911 τοὺς

304 3943 627 4029 λέγοντας
674 3980 758 3989 -
806 3940 1091 4020 ἀδοξεῖν.

483 4046 817 4115 Proxima:
867 4042 1034 4113 ὥστε
1087 4044 1457 4133 θαυμάζειν
1513 4042 1735 4131 ἄξιον,
1791 4050 1853 4113 εἰ
1902 4046 2013 4113 καὶ
2067 4044 2233 4113 κατὰ
2283 4048 2483 4113 τοῦτο
2529 4042 2605 4113 τὸ

307 4152 568 4242 νοηθὲν
604 4151 736 4222 ὑπὸ
773 4156 911 4221 τῶν
949 4149 1100 4241 ἀμει
1119 4156 1155 4195 *
1195 4150 1230 4220 6
1269 4149 1399 4239 ἀὴρ
1435 4150 1837 4240 τρεπόμενος
1874 4149 1964 4219 δι’
2008 4147 2379 4219 εὐπάθειαν
2416 4152 2607 4239 ἐνση-

308 4266 618 4349 μαίνεται
665 4266 800 4327 κτλ.
882 4261 1184 4327 Reisln'us
1232 4260 1494 4345 supplet
1535 4259 1708 4325 hunc
1760 4261 1831 4325 in
1884 4260 2177 4325 modum:
2220 4256 2297 4326 τὸ
2346 4257 2604 4345 νοηθὲν

309 4366 442 4438 ὑπὸ
487 4372 624 4437 τῶν
669 4365 1088 4456 ἀμεινόνων
1134 4364 1560 4453 δεξάμενος
1604 4362 1642 4434 6
1690 4361 1840 4453 ἀήρ,
1888 4363 2307 4453 τρεπόμενος.
2389 4364 2607 4452 wytt:

309 4475 692 4566 ἀμεινόνων
736 4478 973 4562 ψυχῶν
1019 4470 1056 4542 6
1102 4469 1256 4561 ἀήρ,
1299 4476 1401 4541 vel
1455 4470 1803 4560 δαιμόνων
1859 4469 1896 4541 6
1945 4469 2106 4562 ἀήρ,
2161 4476 2266 4541 vel
2322 4476 2383 4540 εἰ
2434 4472 2600 4543 κατὰ
