3200 5175
1287 332 1727 399 ...53-

355 508 632 597 μέτριον
679 508 754 579 δὲ
797 506 992 597 πῶμ’
1044 518 1205 596 εἴης,
1251 504 1408 596 μηδ’
1459 504 1879 588 ἀπολείποις
1946 508 2139 579 Nunc
2184 516 2250 578 et
2293 538 2459 602 quae
2506 517 2653 582 sub-

355 618 672 683 iciuntur:
717 616 829 683 καὶ
875 613 1006 703 γὰρ
1051 618 1313 684 ποτῶν
1361 612 1875 703 ῶφελιμῶτατον
1909 615 1987 683 κὲ
2018 619 2247 685 melius
2285 622 2648 689 cohaerent.

531 722 725 809 Apud
777 724 1160 810 Euripidem
1227 746 1480 812 quoque
1553 747 1679 790 vox
1746 725 1941 809 πῶμα
1998 725 2105 791 hic
2176 726 2311 792 illic
2369 729 2651 795 redinte-

357 831 606 917 granda
650 832 920 897 videtur.
1005 829 1200 897 Oodd.
1243 832 1552 897 Helenam
1595 855 1655 897 v.
1692 832 1823 897 296
1854 854 1993 918 sqq.
2040 832 2358 899 dicentem
2403 834 2653 900 faciunt

355 938 543 1004 haec:
599 932 743 1003 ἀλλ’
805 932 970 1003 ὅταν
1022 937 1214 1015 πόσις
1265 932 1496 1023 πικρὸς
1535 937 1545 1023 Ι
1586 936 1768 1024 ξυνῇ.
1806 941 2113 1023 γυναικί,
2170 937 2283 1005 καὶ
2334 940 2411 1006 τὸ
2460 935 2646 1027 σῶμ’

358 1042 539 1110 ἐστὶν
593 1039 854 1130 πικρόν.
944 1043 1090 1110 Viri
1145 1044 1320 1109 docti
1365 1048 1581 1110 autem
1629 1044 1791 1110 haec
1834 1044 2122 1129 fingunt:
2178 1044 2289 1112 καὶ
2336 1042 2411 1114 τὸ
2459 1044 2644 1133 δῶμ’

362 1148 543 1216 ἐστὶν
585 1146 854 1235 πικρόνε
899 1148 1010 1215 καὶ
1056 1144 1131 1215 τὸ
1179 1146 1510 1229 σώζεσθαι
1554 1146 1823 1235 πικρόνε
1869 1149 1981 1217 καὶ
2025 1148 2102 1217 τὸ
2152 1153 2294 1218 σῶν
2342 1151 2524 1221 ἐστὶν
2567 1177 2651 1241 π.,

351 1256 466 1323 καὶ
523 1252 598 1323 τὸ
657 1250 900 1343 βρῶμ’
967 1253 1150 1322 ἐστὶν
1201 1277 1266 1323 π.
1353 1256 1676 1322 Helenam
1730 1257 1965 1323 dixisse
2020 1262 2207 1343 puto:
2272 1254 2419 1326 ἀλλ’
2486 1256 2650 1327 ὅταν

351 1360 584 1441 πόσις
643 1359 882 1449 πικρὸς
939 1362 949 1447 Ι
1007 1362 1174 1450 ξυνῇ
1236 1366 1537 1448 γυναικί,
1599 1362 1712 1429 καὶ
1765 1359 1841 1430 τὸ
1895 1359 2087 1450 πῶμ’
2148 1364 2332 1432 ἐστὶν
2388 1365 2651 1453 πικρόν.

352 1469 664 1536 Similiter
709 1467 987 1554 Cyclops
1043 1493 1100 1536 v.
1148 1469 1276 1536 527
1339 1470 1501 1535 mihi
1556 1471 1809 1536 videtur
1859 1471 2138 1537 ludendo
2194 1472 2355 1539 haec
2410 1475 2649 1540 dicere:

351 1572 435 1642 οὐ
489 1572 648 1653 τοὺς
699 1572 906 1654 θεοὺς
956 1576 1130 1662 χρῆν
1182 1570 1375 1660 πῶμ’
1438 1574 1508 1662 (i.
1555 1599 1607 1643 e.
1656 1572 1875 1662 ῶσπερ
1920 1577 2146 1662 πῶμα,
2204 1574 2371 1664 πρὸς
2413 1577 2647 1667 πόσιν)

359 1685 534 1766 ἔχειν
570 1680 644 1747 ἐν
692 1678 1032 1768 δέρμασιν.
1099 1676 1546 1765 Ὀδυσσεὺς,
1601 1685 1687 1748 Τί
1726 1677 1817 1767 δ’,
1864 1689 1931 1748 εί
1968 1700 2042 1749 σε
2085 1683 2307 1769 τέρπει
2353 1680 2448 1771 γ’;
2493 1680 2536 1771 ἢ
2571 1682 2647 1752 τὸ

356 1788 567 1875 δέρμα
621 1806 731 1856 σοι
785 1786 1056 1876 πικρόν;
1121 1789 1316 1855 codd:
1381 1784 1590 1874 σῶμ’,
1654 1811 1772 1874 pro
1829 1813 1953 1873 quo
2010 1789 2345 1859 Nauckius
2400 1795 2651 1879 quaerit

354 1918 511 1961 num
561 1889 623 1960 σ’
675 1884 796 1962 ὧδ’
847 1896 1365 1962 substituendum
1388 1895 1516 1961 sit.

305 2072 310 2077 ,
529 1998 814 2085 Septem
852 2001 1290 2085 sapientium
1324 2000 1731 2069 convivium
1770 2024 1823 2068 c.
1851 2004 1893 2067 2
1930 2000 2020 2089 (p.
2054 2004 2177 2071 147
2200 2003 2299 2092 d):
2345 2008 2648 2093 γεωργοί

349 2105 480 2195 γὰρ
532 2103 810 2194 ἀκρίδας
867 2105 978 2174 καὶ
1035 2104 1321 2194 ὄρνιθας
1373 2101 1526 2173 ἀντὶ
1579 2110 1821 2193 πυρῶν
1872 2107 1985 2173 καὶ
2028 2111 2291 2195 κριθῶν
2336 2114 2652 2198 συγκομί-

239 2204 248 2215 ’
354 2218 489 2294 ζειν
535 2212 889 2291 ἐθέλοντος
928 2208 1132 2280 οὐδὲν
1185 2211 1488 2299 διαφέρει
1537 2209 1871 2298 τύραννος
1906 2210 2355 2297 ἀνδραπόδων
2391 2219 2649 2303 μᾶλλον

349 2317 578 2408 ἄρχειν
639 2314 682 2406 ἢ
749 2315 1024 2405 ἀνδρῶν
1085 2315 1512 2405 βουλόμενος.
1602 2318 1968 2385 Hercherus
2033 2342 2110 2385 ex
2166 2322 2442 2389 aliorum
2498 2346 2649 2391 con-

355 2429 601 2494 iectura
660 2433 853 2512 αἴρας
895 2447 1014 2513 pro
1060 2420 1340 2509 ἀκρίδας
1384 2430 1451 2491 et
1495 2448 1573 2492 ex
1621 2448 1740 2491 sua
1784 2427 2149 2510 αίγίλωπας
2191 2450 2311 2511 pro
2361 2424 2650 2516 ὄρνιθας

349 2534 543 2601 dedit.
620 2532 690 2600 Si
734 2538 928 2618 αἴρας
975 2533 1209 2620 speciei
1246 2533 1403 2620 quid
1437 2554 1598 2618 prae
1636 2554 1705 2599 se
1742 2532 1888 2620 fert,
1932 2534 2297 2618 αἰγίλωπας
2330 2535 2495 2602 nihil
2534 2540 2648 2603 est.

359 2641 659 2707 Praestat
703 2642 926 2704 tamen
962 2661 1081 2725 pro
1120 2640 1435 2706 eiusmodi
1471 2641 1852 2706 commentis
1891 2663 2055 2727 quae
2084 2641 2322 2709 Theod.
2350 2641 2649 2709 Doehne-

348 2771 488 2833 rus,
544 2747 787 2831 optime
846 2745 924 2810 de
968 2745 1134 2811 Plut.
1180 2747 1448 2814 meritus
1461 2797 1480 2832 ‚
1535 2748 1619 2813 ad
1662 2748 1878 2813 locum
1924 2749 2263 2814 annotavit
2306 2771 2649 2834 apponere.

355 2853 563 2938 ‘Rem‚
608 2851 821 2935 inquit
865 2849 1157 2937 (Quaest.
1205 2852 1372 2918 Plut.
1415 2857 1582 2938 part.
1618 2851 1705 2939 H,
1750 2875 1793 2937 p
1832 2851 1985 2939 .44),
2031 2875 2195 2938 quae
2241 2855 2457 2941 agitur
2502 2877 2649 2922 con-

353 2959 668 3026 sideranti
723 2979 858 3022 non
919 2961 1137 3043 potest
1191 2957 1534 3024 obscurum
1589 2981 1761 3046 esse,
1813 2959 2394 3045 Wyttenbachium
2448 2985 2648 3048 quum

352 3067 428 3132 de
475 3065 664 3130 malis
709 3064 1097 3150 quibusdam
1141 3064 1360 3131 herbis
1411 3065 1581 3132 laeto
1632 3069 1925 3152 segetum
1968 3072 2289 3153 proventu
2333 3068 2648 3135 nocituris

349 3173 727 3258 scriptorem
786 3171 1074 3257 cogitare
1131 3171 1695 3258 animadverteret,
1752 3173 1993 3258 aliquid
2054 3175 2192 3240 veri
2235 3175 2502 3260 vidisse3
2556 3177 2649 3242 ni-

349 3280 583 3346 mirum
642 3279 1043 3344 locustarum
1107 3281 1172 3343 et
1231 3279 1447 3344 avium
1505 3281 2186 3347 commemorationem
2240 3281 2411 3347 inter
2456 3304 2647 3349 caesa

348 3389 416 3452 et
476 3387 774 3471 porrecta
836 3407 876 3449 a
932 3385 1216 3450 librariis
1275 3407 1416 3450 esse
1471 3385 1737 3471 factam,
1802 3408 1970 3452 unus
2026 3387 2299 3472 quisque
2355 3389 2456 3454 vel
2511 3411 2645 3454 non

350 3492 637 3559 monitus
682 3490 1024 3576 intelliget.
1101 3490 1226 3556 Sed
1269 3492 1340 3556 in
1386 3513 1462 3557 eo
1509 3492 1683 3578 quod
1729 3492 1810 3559 ad
1854 3492 2319 3559 removendum
2364 3515 2647 3561 errorem

345 3599 690 3685 proposuit
746 3602 978 3679 αίρας
1035 3595 1182 3684 (pro
1244 3591 1521 3683 ἀκρίδας
1576 3597 1760 3665 Harl.
1812 3600 1866 3664 1.
1913 3599 1974 3665 2.
2029 3594 2266 3687 ἄγρας)
2324 3599 2436 3666 καὶ
2494 3595 2647 3686 ὀρο-

347 3702 602 3791 βάγχας
655 3725 734 3770 ex
791 3706 978 3790 parte
1023 3706 1279 3769 tantum
1325 3706 1497 3771 recte
1532 3705 1936 3791 'emendavit3
1991 3708 2197 3772 multo
2242 3706 2647 3792 probabilius

351 3833 430 3878 ex
488 3813 790 3895 antiquae
856 3811 1213 3896 scripturae
1258 3811 1552 3898 vestigiis
1597 3813 2069 3878 restituendum
2113 3816 2255 3880 erat
2300 3819 2493 3899 αἴρας
2535 3813 2647 3880 καὶ

337 3913 701 3993 ὀνωνίδας.
794 3915 888 3983 Of.
946 3915 1271 4004 Theophr.
1317 3918 1380 3984 h.
1425 3919 1513 4004 pl.
1559 3918 1673 4004 VI,
1720 3919 1780 4005 5,
1827 3920 1871 3985 4
1926 3915 2174 3997 ὅνωνις
2228 3916 2470 4005 φύεται
2525 3919 2648 4005 μά-

352 4030 544 4090 λιστα
605 4020 680 4087 ἐν
731 4023 812 4109 τῇ
860 4027 1161 4113 σπορίμῳ
1206 4023 1319 4090 καὶ
1364 4025 1868 4114 γεωργουμένη,
1930 4021 2019 4091 δι’
2074 4019 2111 4091 ὃ
2158 4023 2269 4092 καὶ
2313 4025 2637 4110 πολέμιον

349 4139 491 4208 τοῖς
535 4137 876 4214 γεωργοῖς,
921 4129 1084 4196 Plin.
1130 4130 1305 4216 XXI,
1352 4131 1480 4198 98?
1526 4169 1613 4180 —
1660 4133 2001 4218 Wyttenb.
2048 4155 2192 4198 meo
2240 4133 2498 4217 quidem
2538 4134 2639 4218 ju-

352 4238 519 4304 dicio
557 4238 626 4302 in
666 4239 938 4320 utroque
977 4238 1374 4305 emendando
1404 4239 1756 4324 aberravit3
1802 4242 2031 4305 contra
2058 4237 2440 4304 Doehnerus
2472 4243 2644 4306 recte

349 4367 469 4430 pro
528 4339 841 4429 ὄρνιθας,
888 4340 1247 4424 ὀνωνίδας,
1303 4343 1474 4429 quod
1529 4345 1725 4409 etiam
1772 4368 1811 4411 a
1855 4345 2187 4411 literarum
2234 4345 2430 4411 ductu
2476 4368 2645 4412 com-

350 4450 720 4536 mendatur,
783 4449 1137 4518 substituit.
1225 4449 1304 4515 In
1366 4443 1645 4534 ἀκρίδας
1700 4451 1855 4540 quid
1910 4453 2138 4538 lateat,
2201 4451 2459 4519 difficile
2514 4451 2644 4524 non
