3200 5175
1465 390 1542 402 -
1642 353 1791 449 130·
1866 392 1941 402 -

740 568 824 581 ——
865 529 1012 616 ΙΘ’,
1040 536 1082 613 ἓ
1111 533 1153 598 5
1183 532 1272 619 (p.
1301 533 1432 599 908
1462 531 1526 619 e)
1555 533 1754 598 scrib:
1795 534 1929 599 τῶν
1959 530 2033 598 δὲ
2062 530 2251 624 ζῴων
2284 530 2558 600 πάντων
2583 530 2665 600 τὰ
2692 534 2864 620 γένη

563 639 1090 724 διακριθέντα
1137 638 1286 727 (pro
1333 637 1801 727 διακριθῆναι)
1855 678 1967 723 -,
2013 637 2094 706 τὰ
2142 637 2265 725 μὲν
2313 641 2721 728 οἰκειοτέραν
2769 644 2872 719 εἰς

559 740 634 810 τὸ
683 740 872 830 ὕδωρ
916 742 1042 830 τὴν
1088 739 1309 832 ὁρμὴν
1353 748 1528 830 ἔχειν
1571 750 1708 812 κτλ.
1790 744 2022 812 Cei-‚era
2066 769 2200 812 non
2246 732 2530 832 expedid.

743 888 821 899 —
836 856 908 917 K
912 848 947 937 '‚
958 855 998 934 ἓ
1014 854 1056 918 5
1069 851 1158 937 (Ρ.
1169 852 1368 939 909a)
1382 877 1397 918 z
1416 851 1751 937 Διογένης
1764 851 2057 938 μετέχειν
2071 849 2196 938 μὲν
2208 849 2377 919 αὐτὰ
2390 857 2514 921 τοῦ
2527 839 2870 923 ΝΟΗΤΟῩ

563 953 683 1043 ΚΑῙ
725 952 1021 1060 ἈἑΡΟ(,
1071 972 1184 1042 διὰ
1231 973 1306 1042 δὲ
1349 974 1425 1043 τὸ
1471 973 1553 1042 τὰ
1598 975 1724 1064 μὲν
1768 975 2162 1063 πυκνότητι,
2216 975 2297 1043 τὰ
2343 976 2417 1043 δὲ
2460 980 2860 1070 πλεονασμῷ

555 1084 674 1168 τῆς
715 1079 1042 1171 ὑγρασίας
1081 1079 1245 1169 μήτε
1291 1086 1720 1151 διανοεῖσθαι
1757 1080 1906 1171 μήτ’
1949 1082 2426 1169 αἰσθάνεσθαι,
2462 1087 2862 1173 προσφερῶς

558 1182 623 1254 δ’
659 1184 826 1255 αὐτὰ
855 1191 1235 1257 διακεῖσθαι
1263 1199 1403 1269 τοῖς
1430 1188 1781 1277 μεμηνόσι,
1808 1189 2292 1278 παρεπταικό
2302 1216 2435 1269 τος
2468 1194 2591 1259 τοῦ
2618 1188 2856 1278 ἡγεμο-

553 1296 769 1362 νικοῦ.
844 1294 999 1363 Sine
1027 1320 1220 1364 sensu
1247 1300 1448 1365 verba
1474 1298 1780 1365 Reiskius
1810 1299 2201 1365 emendavit:
2234 1336 2318 1347 -—
2349 1295 2462 1365 διὰ
2500 1296 2575 1365 δὲ
2602 1296 2676 1365 τὸ
2723 1300 2853 1385 έμ-

555 1404 706 1469 ποδ
722 1407 753 1468 ί
759 1406 835 1483 ζο
847 1427 920 1489 ν,
967 1406 1071 1470 vel
1114 1398 1612 1490 ἀνεπιτήδειον,
1668 1409 1809 1472 aut:
1867 1400 1980 1471 διά
2028 1403 2103 1471 δὲ
2154 1402 2237 1472 τὰ
2290 1402 2416 1491 μὲν
2463 1403 2849 1491 πυκνότητα

551 1505 634 1575 τὰ
681 1506 756 1575 δὲ
800 1508 1240 1597 πλεονασμόν.
1321 1511 1546 1596 Wyirb:
1602 1512 1897 1596 μετέχειν
1952 1510 2077 1596 μὲν
2120 1512 2371 1580 πάντα
2414 1514 2538 1579 τοῦ
2582 1537 2847 1597 νοητι-

552 1619 698 1684 κοῦ
744 1613 1003 1706 ἀέρος·
1052 1620 1192 1707 ἰδίᾳ
1239 1614 1303 1683 δ’
1355 1613 1584 1684 αὐτῶν
1621 1614 1705 1683 τὰ
1748 1615 1871 1703 μὲν
1907 1616 1999 1686 κὲ.
2028 1657 2113 1667 —-
2143 1618 2329 1684 Nihil
2371 1642 2615 1711 vprum.
2688 1620 2857 1686 Scri-

552 1742 862 1808 bendum:
907 1743 1202 1828 μειέχειν
1248 1742 1372 1830 μὲν
1419 1737 1590 1809 αὐτὰ
1634 1744 1758 1809 τοῦ
1805 1726 2211 1811 ΝοΗτικοῩ
2257 1718 2571 1829 ΛΛὲΡοε,
2619 1740 2731 1809 διὰ
2781 1742 2859 1810 δὲ

550 1844 626 1914 τὸ
683 1845 766 1914 τά
820 1846 944 1934 μὲν
999 1872 1193 1915 πυκν.
1245 1846 1326 1916 τά
1385 1846 1460 1915 δὲ
1513 1854 1737 1917 πλεον.
1802 1852 1921 1935 τῆς
1971 1846 2299 1937 ὑγρασίας
2361 1850 2530 1939 (sine
2588 1850 2855 1939 lacuna)

552 1951 714 2041 μήτε
773 1957 946 2024 διαν.
1004 1952 1154 2043 μήτ’
1219 1956 1707 2041 αἰσθάνεσθαι,
1773 1960 2170 2045 προσφερῶς
2224 1956 2465 2047 (deleto
2522 1952 2622 2046 δ’)
2682 1952 2856 2024 αὐτὰ

553 2082 935 2147 sammaa
962 2093 1102 2159 νοις
1129 2078 1481 2167 μεμηνόσι,
1508 2059 2239 2150 ΠΑΡΑΠεΠΑικὸτοε
2274 2084 2400 2148 τοῦ
2426 2077 2855 2168 ἡγεμονικοῦ.

549 2188 679 2256 Pro
715 2185 1344 2275 παρεπταικότος
1382 2213 1551 2256 unus
1587 2190 1839 2275 Mosqu.
1880 2192 2174 2275 praebet:
2220 2189 2858 2276 παραπεπταικότος,

551 2314 723 2381 unde
759 2319 1030 2401 apparet
1059 2316 1285 2383 vitium
1317 2338 1395 2381 ex
1433 2316 1555 2381 hac
1583 2316 1787 2381 ferme
1816 2315 2163 2400 scripssura:
2200 2290 2856 2383 ΠΑΡΠΕἸΆΙΚόΤΟ(

550 2426 765 2493 ortum
801 2422 1023 2488 fuisse.
1095 2425 1557 2509 Παραπταίειν
1594 2444 1805 2508 neque
1841 2421 2228 2487 Plutarchus
2263 2444 2469 2508 neque
2506 2422 2856 2508 quisquam

553 2528 718 2596 alius
784 2528 970 2617 dixit3
1028 2533 1259 2597 conssra
1319 2533 1725 2616 παραπαίειν
1774 2532 1840 2596 et
1888 2528 2032 2595 aliis
2084 2533 2151 2595 σὺ
2205 2527 2451 2596 Nostro
2505 2528 2852 2595 usitatissi-

547 2659 726 2702 mum
773 2641 892 2704 est.
965 2637 1044 2703 of.
1091 2661 1154 2723 p.
1201 2638 1330 2704 963
1361 2661 1426 2703 e:
1472 2633 1726 2703 οὐκοῦν
1772 2631 1933 2702 οὐδὲ
1987 2647 2369 2722 παραπαῖον
2413 2629 2456 2721 ἢ
2502 2657 2856 2722 παραφρο-

547 2745 720 2809 νοῦν
762 2737 805 2829 ἢ
853 2743 1280 2829 μαινόμενον.
1348 2767 1410 2829 p.
1457 2744 1588 2810 963
1616 2743 1671 2808 f:
1714 2739 2309 2826 παραπεπαικότος.
2385 2743 2557 2807 1028
2588 2742 2645 2806 d.
2710 2741 2854 2808 Nec

544 2871 682 2916 non
717 2848 1079 2936 μετέχειν
1113 2850 1349 2938 μέρος
1385 2847 1570 2928 τινός
1604 2850 1837 2920 tritum
1874 2853 1973 2916 est
2007 2850 2088 2916 cf.
2125 2873 2185 2934 p.
2222 2849 2355 2914 413
2377 2848 2428 2912 f:
2463 2849 2581 2933 τῆς
2614 2851 2855 2933 κοινῆς

549 2951 978 3041 ὀλιγανδρίας
1013 2995 1087 3007 -—
1129 2963 1441 3026 πλεῖστον
1476 2956 1677 3042 μέρος
1711 2950 1754 3041 ἡ
1791 2951 2027 3032 Ἑλλὰς
2062 2953 2430 3040 μετέσχηκε.
2505 2954 2695 3022 Thes.
2738 2957 2850 3021 17:

547 3057 751 3132 οὐδὲν
797 3063 995 3151 μέρος
1038 3063 1289 3151 μετέχει
1332 3065 1450 3149 τῆς
1491 3061 1845 3140 κολάσεως.

721 3208 804 3228 ·-.-.-
856 3171 1008 3238 ΚΒ’
1045 3170 1133 3258 (Ρ.
1171 3173 1301 3237 909
1333 3168 1396 3258 e)
1444 3171 1643 3236 verba
1680 3174 1965 3235 extrema
2006 3168 2325 3254 explenda
2367 3171 2529 3253 puto
2566 3169 2637 3234 in
2672 3169 2850 3236 hunc

545 3277 839 3344 modum.
892 3278 1016 3345 τοῦ
1063 3279 1394 3363 αἵματος
1445 3274 1891 3362 τηκομένου
1936 3274 2123 3363 (haec
2175 3296 2321 3340 eum
2368 3271 2573 3363 aliis),
2617 3275 2719 3367 τῷ
2768 3273 2849 3341 δὲ

542 3416 990 3487 λεπτύνεσθαι
1021 3419 1472 3506 διαχεομένου,
1499 3420 1542 3486 i.
1569 3443 1624 3487 e.
1659 3379 2646 3505 ΤΟΥΑΙΛΛΑΤΤΙΚΟΛΛ(ΕΝ)ΟΥ
2679 3418 2845 3485 ΤωΙ

541 3532 674 3594 κτλ.
755 3527 889 3594 Ubi
935 3527 1088 3613 quid
1134 3527 1304 3593 desit
1347 3530 1576 3594 notum
1624 3530 1727 3594 θεὲ
1771 3549 1849 3591 ex
1895 3523 2164 3590 GalenO.

725 3669 802 3682 -—
844 3633 997 3700 KF'
999 3683 1018 3718 ‚
1057 3637 1097 3716 ἓ
1139 3637 1172 3701 1
1213 3632 1303 3721 (Ρ.
1331 3635 1461 3700 909
1491 3632 1586 3720 c):
1627 3627 1997 3718 Ἀλκμαίων
2033 3627 2451 3716 ἀναχωρήσει
2486 3631 2610 3698 τοῦ
2647 3632 2841 3716 αιμα-

539 3763 654 3818 τος
694 3777 772 3790 -
811 3736 1034 3807 ὕπνον
1067 3744 1389 3825 γίνεσθαί
1426 3758 1619 3825 φησι·
1664 3735 1807 3824 τὴν
1843 3733 1905 3804 δ’
1957 3737 2391 3823 ἐξέγερσιν,
2438 3734 2842 3822 διάχυσιν·

537 3843 684 3932 τὴν
720 3844 805 3914 δὲ
839 3849 1182 3932 παντελῆ
1221 3842 1765 3932 ἀναχώρησιν,
1791 3842 2168 3911 θάνατον.
2226 3844 2331 3910 Ita
2358 3845 2587 3930 editur,
2617 3866 2842 3929 quam-

539 3977 734 4041 quam
779 3953 1063 4021 Galenus
1112 3949 1265 4041 (τὴν
1309 3951 1385 4018 δὲ
1431 3952 1592 4038 ἐξέγ.
1641 3949 1967 4037 διαχύσει,
2010 3947 2137 4036 τὴν
2184 3948 2261 4017 δὲ
2302 3971 2370 4017 π.
2412 3944 2517 4017 ἀν.
2563 3947 2678 4016 διὰ
2722 3951 2843 4037 τῆς

539 4057 798 4141 ψύξεως
840 4058 1151 4128 θάνατον
1196 4061 1460 4148 φέρειν,
1513 4060 1761 4127 ulfiimis
1819 4059 2034 4125 verbis
2080 4061 2155 4122 ut
2200 4059 2367 4124 solet
2417 4056 2715 4144 mussatis)
2754 4059 2839 4124 ad

538 4189 757 4233 veram
818 4169 1208 4254 scripturam
1273 4172 1450 4234 certo
1511 4168 1707 4233 ducit.
1798 4164 2221 4232 Scribendum
2281 4165 2509 4250 igikur:
2571 4160 2701 4248 τὴν
2765 4158 2833 4229 δ’

538 4273 873 4362 ἐξέγερσιν
918 4273 1247 4360 διαχύσει·
1290 4276 1372 4361 τῇ
1419 4270 1495 4339 δὲ
1539 4279 1852 4340 παντελεῖ
1891 4267 2311 4358 ἀναχωρήσει
2347 4267 2671 4337 θάνατον.
2738 4268 2838 4336 cf.

536 4383 731 4465 paulo
767 4386 944 4467 post:
979 4384 1062 4469 τῇ
1099 4387 1413 4448 παντελεῖ
1444 4379 1542 4465 δέ,
1567 4381 1683 4447 ubi
1706 4381 1788 4468 τῇ
1826 4380 2187 4446 delendum.
2256 4378 2339 4446 In
2373 4378 2569 4444 verbo
2600 4375 2793 4462 ἐπαγ
2812 4413 2837 4426 -

536 4486 851 4570 γέλλειν
895 4489 1128 4555 Galeni
1173 4489 1560 4555 adieessivum
1606 4484 1933 4572 παντελής
1978 4488 2156 4553 latet.
