3200 5175
1435 227 1869 327 488-

511 438 786 527 ῥήτορες
839 439 949 507 καὶ
996 443 1341 524 σοφισταί,
1397 444 1474 505 ut
1526 443 1701 506 reete
1756 441 2295 525 interpretantur:
2373 440 2467 506 ‘at
2522 443 2810 507 oratores

512 551 578 613 et
615 546 984 633 sophistae?
1050 547 1217 614 Erat
1256 548 1567 632 seriptum
1608 548 2376 634 ΡΗΤΟΡΚΑΙΕΟΦΙΕΤΑΙ,
2416 548 2589 633 quod
2616 548 2813 614 libra-

511 659 645 722 rius
699 656 890 721 facile
956 656 1024 720 in
1085 652 1428 740 ρητορικοὶ
1493 669 1646 738 σοφ.
1706 655 1982 720 refinxit.
2061 654 2139 720 of.
2194 677 2255 739 p.
2307 653 2435 720 130
2461 655 2515 719 f:
2574 652 2814 720 πολλοὶ

511 765 646 830 τῶν
692 759 1000 849 ῥητόρων
1046 759 1158 827 καὶ
1203 761 1340 826 τῶν
1385 761 1747 844 σοφιστῶν.
1808 783 1871 846 p.
1922 762 2095 828 1000
2122 783 2175 826 e.

690 886 795 952 Do
851 901 1013 952 sera
1067 885 1388 951 numinis
1441 883 1760 951 vindicta
1815 907 1867 952 ο.
1914 886 1954 951 6
2014 884 2104 971 (p.
2150 885 2276 952 551
2311 885 2405 972 d):
2458 881 2583 952 τὸν
2639 882 2819 952 θεὸν

513 987 576 1060 δ’
628 990 805 1070 sexes
838 988 918 1057 τά
963 1015 1033 1058 τε
1071 984 1261 1076 πάθη
1310 991 1551 1075 διορᾶν
1603 1027 1707 1074 -,
1755 989 1866 1057 καὶ
1911 987 2163 1076 χρόνον
2199 1015 2275 1076 γε
2319 987 2489 1077 πρὸς
2534 989 2819 1078 ἐπανόρ-

511 1107 756 1182 θωσιν,
795 1092 895 1176 οἷς
934 1092 1057 1164 οὐκ
1094 1093 1377 1183 ἄκρατος
1415 1091 1563 1163 οὐδ’
1608 1093 1925 1185 ἄτρεπτος
1960 1092 2003 1182 ἡ
2036 1101 2235 1164 κακία
2260 1098 2535 1183 πέφυκε,
2569 1117 2821 1186 προσ-

514 1203 837 1287 ιζάνειν.
930 1206 1339 1271 Postremum
1405 1205 1670 1270 verbum
1742 1204 1895 1290 quid
1961 1205 2085 1270 sibi
2141 1206 2301 1272 velit
2358 1206 2649 1292 intellegi
2706 1229 2822 1271 ne-

522 1315 691 1400 quit3
753 1335 949 1398 quare
996 1312 1333 1398 Wyttenb.
1391 1312 1665 1377 coniecit
1721 1311 2226 1398 προσπέφυκεν,
2282 1307 2543 1398 ὁρίζειν.
2642 1312 2823 1378 Mez:

515 1423 826 1506 πορίζειν.
907 1418 1304 1512 Madgigius:
1352 1416 1841 1504 προσιστάνειν.
1933 1418 2097 1484 Mihi
2143 1420 2325 1484 venit
2378 1420 2446 1483 in
2500 1423 2823 1485 mentem:

515 1529 1041 1615 προσδανείζειν,
1083 1527 1122 1591 i.
1153 1548 1204 1591 e.
1234 1523 1505 1610 προσέτι
1541 1523 1653 1590 καὶ
1692 1521 1901 1591 ἄλλον
1947 1521 2199 1609 χρόνον
2240 1526 2583 1604 δανείζειν.
2650 1526 2825 1592 Erat

515 1689 851 1773 seriptum:
898 1631 1464 1774 Upocmssss'gm.
1529 1688 1612 1753 of.
1658 1686 1885 1752 Periol.
1937 1688 2036 1752 13.

693 1810 763 1876 O.
814 1813 892 1876 17
953 1810 1042 1899 (p.
1088 1812 1220 1878 560
1249 1811 1336 1898 o):
1396 1814 1458 1877 εἰ
1510 1808 1586 1877 δὲ
1648 1807 1879 1896 βούλει
1943 1847 2017 1858 -—
2081 1806 2314 1876 σκόπει
2370 1809 2640 1877 τουτονὶ
2694 1808 2822 1878 τὸν

513 1914 859 2005 ἡμέτερον,
905 1925 972 1984 εἴ
1003 1936 1111 1984 σοι
1160 1921 1364 2003 δοκεῖ,
1411 1914 1528 1996 τὰς
1582 1912 1799 2004 ψυχὰς
1841 1919 1979 1984 τῶν
2014 1914 2478 1984 τελευτώντων
2530 1911 2819 1984 ἀπολλυ-

513 2025 719 2112 μένας
756 2023 1186 2110 ἐπιστάμενος
1221 2019 1433 2101 εὐθύς
1471 2063 1575 2108 -,
1617 2021 1937 2110 ἱλασμούς
1973 2049 2042 2091 τε
2078 2020 2372 2102 πολλοὺς
2406 2025 2818 2111 προσφέρειν

513 2135 650 2201 τῶν
693 2131 1190 2218 κατοιχομένων
1210 2130 1344 2198 ’καὶ
1390 2130 1554 2219 γέρα
1598 2128 1855 2218 μεγάλα
1908 2131 2019 2199 καὶ
2075 2127 2267 2217 τιμὰς
2324 2128 2629 2198 ἀπαιτεῖν
2672 2144 2817 2211 τοῖς

514 2237 946 2325 τεθνηκόσιν,
1001 2239 1342 2319 ἐξαπατῶν
1394 2277 1468 2286 -—
1529 2235 1690 2317 τοὺς
1748 2236 2201 2316 πιστεύοντας.
2295 2238 2499 2324 Wytt.
2560 2242 2817 2325 quaerit

518 2371 674 2414 num
719 2342 1152 2433 προστάττειν
1217 2369 1335 2431 pro
1381 2344 1793 2433 προσφέρειν
1848 2346 2253 2412 scribendum
2304 2346 2404 2411 sit.
2484 2347 2815 2413 Reiskius:

514 2453 925 2540 προσφέρειν
967 2449 1266 2520 κελεύειν
1309 2463 1455 2531 ταῖς
1499 2463 1762 2538 ψυχαῖς,
1810 2455 1913 2521 vel
1956 2465 2097 2531 τοῖς
2142 2449 2473 2537 εἰδώλοις,
2517 2454 2655 2519 τῶν
2700 2479 2816 2520 κα-

514 2559 942 2646 τοιχομένων.
990 2599 1072 2609 -
1121 2559 1492 2649 Perperam3
1541 2563 2031 2629 coniunctiones
2079 2561 2251 2627 enim
2296 2583 2367 2625 τε
2406 2596 2489 2607 —-
2526 2565 2645 2627 καί
2682 2584 2817 2629 non

515 2669 712 2733 verba
775 2664 1184 2754 προσφέρειν
1248 2672 1314 2733 et
1377 2658 1707 2754 ἀπαιτεῖν,
1774 2690 2050 2755 quorum
2118 2668 2299 2753 prius
2364 2690 2404 2732 a
2456 2670 2817 2752 posteriore

519 2796 902 2860 suspensum
949 2779 1064 2860 est,
1108 2779 1518 2862 connectunt,
1557 2776 1671 2842 sed
1717 2776 2126 2842 substantiva
2164 2773 2488 2859 ἱλασμούς
2532 2780 2599 2840 et
2631 2775 2814 2860 γέρα.

517 2881 745 2967 Neque
807 2882 1284 2967 interpretatio:
1361 2881 1719 2947 ‘videturne
1784 2882 1843 2947 is
1907 2882 2031 2949 tibi
2085 2918 2166 2930 —-
2234 2918 2311 2929 —-
2371 2886 2509 2947 tam
2574 2885 2817 2950 multas

518 2990 918 3074 expiationes
992 2989 1127 3053 vita
1195 2988 1671 3074 defunctorum,
1738 3010 1813 3054 ao
1872 2992 1975 3055 tot
2028 2992 2339 3075 tantaque
2402 2992 2693 3073 praemia
2744 2994 2817 3057 et

516 3096 800 3161 honores
855 3094 936 3158 iis
991 3094 1348 3173 habendos,
1407 3094 1697 3179 exigenS,
1752 3095 2028 3161 credulis
2093 3096 2463 3161 hominibus
2518 3097 2816 3163 fraudem

516 3201 726 3269 faeere
791 3204 857 3267 et
920 3224 1034 3267 ora
1099 3201 1426 3266 sublinere
1488 3200 1731 3266 velle?'
1798 3206 2099 3268 accurata
2151 3203 2421 3268 videtur.
2510 3202 2817 3270 Reddunt

520 3310 703 3395 quasi
742 3308 1052 3394 seriptum
1088 3299 1348 3373 fuisset:
1395 3314 1462 3372 εἴ
1491 3324 1600 3373 σοι
1640 3308 1830 3374 δοκεῖ
1866 3345 1940 3354 -
1979 3344 2083 3393 -,
2132 3308 2214 3373 ίλ.
2248 3331 2317 3373 τε
2354 3306 2643 3389 πολλοὺς
2676 3311 2814 3377 τῶν

518 3440 761 3500 κατοιχ.
815 3453 888 3463 --
942 3410 1273 3498 ἀπαιτῶν,
1330 3413 1661 3493 ἐξαπατᾶν
1704 3414 1815 3481 καὶ
1860 3419 2239 3500 φενακίζειν
2297 3411 2455 3493 τοὺς
2507 3432 2679 3483 πιστ.
2725 3455 2815 3465 -

521 3522 848 3588 Orationis
889 3523 1045 3588 ordo
1085 3526 1209 3589 est:
1257 3522 1319 3586 εἰ
1356 3522 1546 3587 δοκεῖ
1587 3538 1697 3586 σοι
1742 3560 1815 3568 --
1858 3516 2160 3589 ἀπαιτεῖν
2198 3517 2365 3609 ὑπὲρ
2400 3523 2539 3587 τῶν
2575 3530 2813 3609 τεθνη-

518 3626 736 3694 κότων
799 3627 1286 3713 προσφέρειν
1342 3626 1410 3715 (i.
1459 3652 1509 3693 e.
1565 3624 1744 3705 ὅπως
1790 3628 1862 3694 oc
1918 3628 2263 3709 ἐπιζῶντες
2308 3628 2812 3718 προσφέρωσιν)

521 3730 843 3819 ἱλασμούς
887 3757 956 3799 τε
1002 3738 1186 3800 πολλ.
1240 3736 1378 3800 τῶν
1420 3758 1668 3819 κατοιχ.
1712 3732 1823 3800 καὶ
1876 3732 2041 3819 γέρα
2085 3758 2223 3819 μεγ.
2270 3733 2382 3800 καὶ
2434 3733 2625 3822 τιμὰς
2678 3744 2813 3804 κτλ.

699 3858 769 3926 O.
822 3861 901 3926 18
959 3858 1048 3947 (p.
1094 3859 1222 3926 561
1253 3858 1355 3945 b):
1407 3896 1482 3907 —-
1549 3856 1773 3938 οὐδεὶς
1834 3853 1921 3925 ἀν
1976 3856 2387 3947 ἀγαπήσειεν
2450 3853 2653 3940 αὖθις
2708 3860 2812 3927 ἐπὶ

518 3979 663 4045 ταῖς
696 3968 817 4034 τοῦ
848 3961 1022 4045 Διὸς
1052 3978 1274 4051 τιμαῖς
1299 3962 1538 4033 ἄδικον
1573 3967 1893 4051 γενέσθαι
1920 3967 2031 4033 καὶ
2068 3963 2460 4036 ἀκόλαστον.
2516 3968 2809 4036 Duebne·

519 4098 650 4161 ruS,
695 4081 770 4141 ut
815 4079 1172 4141 ceterorum
1219 4078 1588 4140 commenta
1635 4074 1960 4160 omittam,
2014 4097 2134 4159 pro
2181 4068 2589 4160 ἀγαπήσειεν
2641 4080 2813 4141 reete

519 4184 806 4249 restituit
849 4177 1298 4268 ἀναπείσειεν;
1347 4182 1428 4248 ad
1475 4183 1866 4247 sententiam
1902 4204 2057 4248 vero
2106 4182 2565 4249 absolvendam
2603 4184 2813 4268 requi-

521 4292 710 4355 ritur:
761 4284 964 4378 [οὐδ’]
1015 4289 1120 4357 ἐπὶ
1165 4302 1309 4368 ταῖς
1351 4290 1475 4355 τοῦ
1513 4295 1595 4355 Δ.
1642 4300 1883 4374 τιμαῖς,
1928 4294 2042 4354 aut
2079 4290 2335 4375 quidem
2382 4279 2591 4357 αὗθἸΕ
2638 4288 2809 4378 [Καὶ]

525 4394 630 4462 ἐπὶ
675 4408 819 4475 ταῖς
863 4399 984 4463 τοῦ
1031 4403 1114 4462 Δ.
1163 4420 1219 4461 τ.
1301 4396 1424 4463 Sed
1471 4397 1633 4462 illud
1676 4399 1983 4482 praestat.
2048 4396 2127 4462 cf.
2174 4397 2376 4462 760b.
