<?xml version="1.0" encoding="UTF-8"?>
<!DOCTYPE html PUBLIC "-//W3C//DTD XHTML 1.0 Transitional//EN"
    "http://www.w3.org/TR/xhtml1/DTD/xhtml1-transitional.dtd">
<html xmlns="http://www.w3.org/1999/xhtml" xml:lang="en" lang="en">
 <head>
  <title>
</title>
<meta http-equiv="Content-Type" content="text/html;charset=utf-8" />
  <meta name='ocr-system' content='tesseract 3.04.00' />
  <meta name='ocr-capabilities' content='ocr_page ocr_carea ocr_par ocr_line ocrx_word'/>
</head>
<body>
  <div class='ocr_page' id='page_1' title='image "./symbolaecritica00unkngoog_0067.png"; bbox 0 0 3200 5175; ppageno 0'>
   <div class='ocr_carea' id='block_1_1' title="bbox 1289 322 1729 391">
    <p class='ocr_par' dir='ltr' id='par_1_1' title="bbox 1289 322 1729 391">
     <span class='ocr_line' id='line_1_1' title="bbox 1289 322 1729 391; baseline 0 -20"><span class='ocrx_word' id='word_1_1' title='bbox 1289 322 1729 391; x_wconf 74' lang='grc'><strong><em>...55-</em></strong></span> 
     </span>
    </p>
   </div>
   <div class='ocr_carea' id='block_1_2' title="bbox 361 498 2656 909">
    <p class='ocr_par' dir='ltr' id='par_1_2' title="bbox 361 498 2656 909">
     <span class='ocr_line' id='line_1_2' title="bbox 363 498 2655 588; baseline -0.002 -16"><span class='ocrx_word' id='word_1_2' title='bbox 363 506 540 572; x_wconf 90' lang='lat' dir='ltr'><strong>tione</strong></span> <span class='ocrx_word' id='word_1_3' title='bbox 583 503 848 570; x_wconf 81' lang='lat' dir='ltr'><strong>nitatur.</strong></span> <span class='ocrx_word' id='word_1_4' title='bbox 939 501 1057 568; x_wconf 86' lang='lat' dir='ltr'><strong>Sin</strong></span> <span class='ocrx_word' id='word_1_5' title='bbox 1100 502 1349 588; x_wconf 91' lang='lat' dir='ltr'><strong>minus,</strong></span> <span class='ocrx_word' id='word_1_6' title='bbox 1401 506 1478 568; x_wconf 87' lang='lat' dir='ltr'><strong>ut</strong></span> <span class='ocrx_word' id='word_1_7' title='bbox 1518 501 1685 567; x_wconf 83' lang='lat' dir='ltr'><strong>falsa</strong></span> <span class='ocrx_word' id='word_1_8' title='bbox 1727 500 2048 585; x_wconf 75' lang='lat' dir='ltr'><strong>reicienda</strong></span> <span class='ocrx_word' id='word_1_9' title='bbox 2091 503 2211 567; x_wconf 88' lang='lat' dir='ltr'><strong>est.</strong></span> <span class='ocrx_word' id='word_1_10' title='bbox 2291 498 2469 578; x_wconf 76' lang='lat' dir='ltr'><strong>Quae</strong></span> <span class='ocrx_word' id='word_1_11' title='bbox 2507 522 2655 567; x_wconf 92' lang='lat' dir='ltr'><strong>cum</strong></span> 
     </span>
     <span class='ocr_line' id='line_1_3' title="bbox 361 594 2653 695; baseline -0.002 -18"><span class='ocrx_word' id='word_1_12' title='bbox 361 612 454 677; x_wconf 84' lang='lat' dir='ltr'><strong>ita</strong></span> <span class='ocrx_word' id='word_1_13' title='bbox 515 612 675 695; x_wconf 88' lang='lat' dir='ltr'><strong>sint,</strong></span> <span class='ocrx_word' id='word_1_14' title='bbox 729 594 895 675; x_wconf 70' lang='lat' dir='ltr'><strong>&#39;mihi</strong></span> <span class='ocrx_word' id='word_1_15' title='bbox 953 610 1212 695; x_wconf 87' lang='lat' dir='ltr'><strong>quidem</strong></span> <span class='ocrx_word' id='word_1_16' title='bbox 1270 607 1524 675; x_wconf 82' lang='lat' dir='ltr'><strong>videtur</strong></span> <span class='ocrx_word' id='word_1_17' title='bbox 1575 608 1647 672; x_wconf 91' lang='lat' dir='ltr'><strong>in</strong></span> <span class='ocrx_word' id='word_1_18' title='bbox 1691 610 1961 691; x_wconf 78' lang='lat' dir='ltr'><strong>utraque</strong></span> <span class='ocrx_word' id='word_1_19' title='bbox 2006 608 2279 673; x_wconf 87' lang='lat' dir='ltr'><strong>lectione</strong></span> <span class='ocrx_word' id='word_1_20' title='bbox 2324 606 2496 672; x_wconf 87' lang='lat' dir='ltr'><strong>idem</strong></span> <span class='ocrx_word' id='word_1_21' title='bbox 2537 629 2653 673; x_wconf 87' lang='lat' dir='ltr'><strong>no-</strong></span> 
     </span>
     <span class='ocr_line' id='line_1_4' title="bbox 363 714 2656 803; baseline -0.002 -18"><span class='ocrx_word' id='word_1_22' title='bbox 363 741 517 785; x_wconf 90' lang='lat' dir='ltr'><strong>men</strong></span> <span class='ocrx_word' id='word_1_23' title='bbox 570 716 910 783; x_wconf 77' lang='lat' dir='ltr'><strong>Periandri</strong></span> <span class='ocrx_word' id='word_1_24' title='bbox 967 716 1140 782; x_wconf 86' lang='lat' dir='ltr'><strong>filiae</strong></span> <span class='ocrx_word' id='word_1_25' title='bbox 1198 715 1755 803; x_wconf 82' lang='lat' dir='ltr'><strong>ingeniosissimae</strong></span> <span class='ocrx_word' id='word_1_26' title='bbox 1815 714 2265 799; x_wconf 87' lang='lat' dir='ltr'><strong>compendiose</strong></span> <span class='ocrx_word' id='word_1_27' title='bbox 2325 714 2656 800; x_wconf 88' lang='lat' dir='ltr'><strong>scriptum,</strong></span> 
     </span>
     <span class='ocr_line' id='line_1_5' title="bbox 362 821 2655 909; baseline -0.002 -18"><span class='ocrx_word' id='word_1_28' title='bbox 362 828 460 891; x_wconf 79' lang='lat' dir='ltr'><strong>ita</strong></span> <span class='ocrx_word' id='word_1_29' title='bbox 513 829 588 889; x_wconf 89' lang='lat' dir='ltr'><strong>ut</strong></span> <span class='ocrx_word' id='word_1_30' title='bbox 641 846 720 890; x_wconf 86' lang='lat' dir='ltr'><strong>ex</strong></span> <span class='ocrx_word' id='word_1_31' title='bbox 773 826 1044 909; x_wconf 89' lang='lat' dir='ltr'><strong>utraque</strong></span> <span class='ocrx_word' id='word_1_32' title='bbox 1099 824 1244 890; x_wconf 88' lang='lat' dir='ltr'><strong>lect.</strong></span> <span class='ocrx_word' id='word_1_33' title='bbox 1300 846 1430 890; x_wconf 85' lang='lat' dir='ltr'><strong>una</strong></span> <span class='ocrx_word' id='word_1_34' title='bbox 1473 823 1755 889; x_wconf 81' lang='lat' dir='ltr'><strong>alterave</strong></span> <span class='ocrx_word' id='word_1_35' title='bbox 1802 822 2059 906; x_wconf 78' lang='lat' dir='ltr'><strong>syllaba</strong></span> <span class='ocrx_word' id='word_1_36' title='bbox 2102 821 2394 887; x_wconf 82' lang='lat' dir='ltr'><strong>abscissa</strong></span> <span class='ocrx_word' id='word_1_37' title='bbox 2436 821 2655 908; x_wconf 89' lang='lat' dir='ltr'><strong>fuerit,</strong></span> 
     </span>
    </p>
   </div>
   <div class='ocr_carea' id='block_1_3' title="bbox 358 924 2656 1020">
    <p class='ocr_par' dir='ltr' id='par_1_3' title="bbox 358 924 2656 1020">
     <span class='ocr_line' id='line_1_6' title="bbox 358 924 2656 1020; baseline -0.001 -24"><span class='ocrx_word' id='word_1_38' title='bbox 358 933 581 998; x_wconf 78' lang='lat' dir='ltr'><strong>latere.</strong></span> <span class='ocrx_word' id='word_1_39' title='bbox 653 930 878 1020; x_wconf 57' lang='lat' dir='ltr'><strong>Primo</strong></span> <span class='ocrx_word' id='word_1_40' title='bbox 919 930 1112 997; x_wconf 89' lang='lat' dir='ltr'><strong>lectio</strong></span> <span class='ocrx_word' id='word_1_41' title='bbox 1156 933 1302 997; x_wconf 78' lang='lat' dir='ltr'><strong>orta</strong></span> <span class='ocrx_word' id='word_1_42' title='bbox 1345 933 1446 998; x_wconf 85' lang='lat' dir='ltr'><strong>est</strong></span> <span class='ocrx_word' id='word_1_43' title='bbox 1489 950 1567 995; x_wconf 82' lang='lat' dir='ltr'><strong>ex</strong></span> <span class='ocrx_word' id='word_1_44' title='bbox 1610 929 1812 995; x_wconf 87' lang='lat' dir='ltr'><strong>hisce:</strong></span> <span class='ocrx_word' id='word_1_45' title='bbox 1870 930 2301 997; x_wconf 86' lang='grc' dir='ltr'>ΙἎΡΚΛΙΝΥΝΙ</span> <span class='ocrx_word' id='word_1_46' title='bbox 2350 958 2436 983; x_wconf 85' lang='lat'>=</span> <span class='ocrx_word' id='word_1_47' title='bbox 2476 924 2656 1014; x_wconf 81' lang='grc' dir='ltr'><strong><em>παρὰ</em></strong></span> 
     </span>
    </p>
   </div>
   <div class='ocr_carea' id='block_1_4' title="bbox 297 1040 2654 3263">
    <p class='ocr_par' dir='ltr' id='par_1_4' title="bbox 297 1040 2654 3263">
     <span class='ocr_line' id='line_1_7' title="bbox 361 1040 2652 1140; baseline -0.001 -18"><span class='ocrx_word' id='word_1_48' title='bbox 361 1040 797 1140; x_wconf 71' lang='grc' dir='ltr'><strong><em>Κλῖἶήνη(ς),</em></strong></span> <span class='ocrx_word' id='word_1_49' title='bbox 849 1054 891 1121; x_wconf 88' lang='lat' dir='ltr'><strong>i.</strong></span> <span class='ocrx_word' id='word_1_50' title='bbox 939 1075 991 1119; x_wconf 89' lang='lat' dir='ltr'><strong>e.</strong></span> <span class='ocrx_word' id='word_1_51' title='bbox 1046 1050 1637 1139; x_wconf 80' lang='grc' dir='ltr'><strong><em>Κλεο(βου)λήνης.</em></strong></span> <span class='ocrx_word' id='word_1_52' title='bbox 1726 1052 1956 1118; x_wconf 79' lang='lat' dir='ltr'><strong>Altera</strong></span> <span class='ocrx_word' id='word_1_53' title='bbox 2007 1052 2079 1117; x_wconf 91' lang='lat' dir='ltr'><strong>in</strong></span> <span class='ocrx_word' id='word_1_54' title='bbox 2133 1052 2307 1119; x_wconf 86' lang='lat' dir='ltr'><strong>hunc</strong></span> <span class='ocrx_word' id='word_1_55' title='bbox 2361 1053 2652 1120; x_wconf 84' lang='lat' dir='ltr'><strong>modum:</strong></span> 
     </span>
     <span class='ocr_line' id='line_1_8' title="bbox 357 1156 2653 1248; baseline -0.001 -20"><span class='ocrx_word' id='word_1_56' title='bbox 357 1157 538 1248; x_wconf 80' lang='grc' dir='ltr'><strong><em>παρὰ</em></strong></span> <span class='ocrx_word' id='word_1_57' title='bbox 581 1156 1255 1248; x_wconf 73' lang='grc' dir='ltr'>(Κ)ΛΙΒΟΥλ(ΙΝΗΕ),</span> <span class='ocrx_word' id='word_1_58' title='bbox 1307 1160 1350 1227; x_wconf 93' lang='lat' dir='ltr'><strong>i.</strong></span> <span class='ocrx_word' id='word_1_59' title='bbox 1397 1182 1449 1225; x_wconf 88' lang='lat' dir='ltr'><strong>e.</strong></span> <span class='ocrx_word' id='word_1_60' title='bbox 1495 1160 2009 1244; x_wconf 76' lang='grc' dir='ltr'><strong><em>Κλεοβουλίνης.</em></strong></span> <span class='ocrx_word' id='word_1_61' title='bbox 2100 1157 2302 1225; x_wconf 87' lang='lat' dir='ltr'><strong>Vides</strong></span> <span class='ocrx_word' id='word_1_62' title='bbox 2359 1160 2532 1245; x_wconf 91' lang='lat' dir='ltr'><strong>quod</strong></span> <span class='ocrx_word' id='word_1_63' title='bbox 2584 1160 2653 1225; x_wconf 89' lang='lat' dir='ltr'><strong>in</strong></span> 
     </span>
     <span class='ocr_line' id='line_1_9' title="bbox 359 1259 2653 1354; baseline -0.002 -19"><span class='ocrx_word' id='word_1_64' title='bbox 359 1292 488 1335; x_wconf 85' lang='lat' dir='ltr'><strong>una</strong></span> <span class='ocrx_word' id='word_1_65' title='bbox 541 1268 724 1342; x_wconf 81' lang='lat' dir='ltr'><strong>deest</strong></span> <span class='ocrx_word' id='word_1_66' title='bbox 777 1286 855 1330; x_wconf 86' lang='lat' dir='ltr'><strong>ex</strong></span> <span class='ocrx_word' id='word_1_67' title='bbox 899 1265 1104 1330; x_wconf 83' lang='lat' dir='ltr'><strong>altera</strong></span> <span class='ocrx_word' id='word_1_68' title='bbox 1149 1266 1436 1351; x_wconf 86' lang='lat' dir='ltr'><strong>suppleri</strong></span> <span class='ocrx_word' id='word_1_69' title='bbox 1481 1269 1549 1330; x_wconf 87' lang='lat' dir='ltr'><strong>et</strong></span> <span class='ocrx_word' id='word_1_70' title='bbox 1593 1270 1837 1332; x_wconf 78' lang='lat' dir='ltr'><strong>contra.</strong></span> <span class='ocrx_word' id='word_1_71' title='bbox 1918 1259 2214 1354; x_wconf 77' lang='grc' dir='ltr'><strong><em>Ἀδελφῷ</em></strong></span> <span class='ocrx_word' id='word_1_72' title='bbox 2262 1266 2432 1331; x_wconf 89' lang='lat' dir='ltr'><strong>nihil</strong></span> <span class='ocrx_word' id='word_1_73' title='bbox 2479 1265 2653 1331; x_wconf 78' lang='lat' dir='ltr'><strong>aliud</strong></span> 
     </span>
     <span class='ocr_line' id='line_1_10' title="bbox 361 1371 2654 1460; baseline 0 -21"><span class='ocrx_word' id='word_1_74' title='bbox 361 1378 462 1439; x_wconf 85' lang='lat' dir='ltr'><strong>est</strong></span> <span class='ocrx_word' id='word_1_75' title='bbox 516 1394 712 1460; x_wconf 85' lang='lat' dir='ltr'><strong>quam</strong></span> <span class='ocrx_word' id='word_1_76' title='bbox 760 1376 1088 1455; x_wconf 75' lang='grc' dir='ltr'><strong><em>Δελφοῖς,</em></strong></span> <span class='ocrx_word' id='word_1_77' title='bbox 1139 1372 1311 1459; x_wconf 89' lang='lat' dir='ltr'><strong>quod</strong></span> <span class='ocrx_word' id='word_1_78' title='bbox 1365 1377 1590 1438; x_wconf 82' lang='lat' dir='ltr'><strong>tamen</strong></span> <span class='ocrx_word' id='word_1_79' title='bbox 1635 1394 1782 1438; x_wconf 87' lang='lat' dir='ltr'><strong>cum</strong></span> <span class='ocrx_word' id='word_1_80' title='bbox 1824 1371 1897 1435; x_wconf 92' lang='lat' dir='ltr'><strong>in</strong></span> <span class='ocrx_word' id='word_1_81' title='bbox 1942 1371 2211 1455; x_wconf 88' lang='lat' dir='ltr'><strong>optimis</strong></span> <span class='ocrx_word' id='word_1_82' title='bbox 2258 1371 2440 1440; x_wconf 86' lang='lat' dir='ltr'><strong>codd.</strong></span> <span class='ocrx_word' id='word_1_83' title='bbox 2485 1373 2654 1439; x_wconf 85' lang='lat' dir='ltr'><strong>desit</strong></span> 
     </span>
     <span class='ocr_line' id='line_1_11' title="bbox 359 1471 2647 1565; baseline -0.001 -18"><span class='ocrx_word' id='word_1_84' title='bbox 359 1482 730 1565; x_wconf 87' lang='lat' dir='ltr'><strong>suspectum</strong></span> <span class='ocrx_word' id='word_1_85' title='bbox 755 1482 896 1565; x_wconf 14' lang='lat' dir='ltr'><strong>best.</strong></span> <span class='ocrx_word' id='word_1_86' title='bbox 969 1475 1242 1563; x_wconf 87' lang='grc' dir='ltr'><strong><em>Δελφός</em></strong></span> <span class='ocrx_word' id='word_1_87' title='bbox 1285 1481 1352 1543; x_wconf 91' lang='lat' dir='ltr'><strong>et</strong></span> <span class='ocrx_word' id='word_1_88' title='bbox 1395 1471 1689 1563; x_wconf 78' lang='grc' dir='ltr'><strong><em>ἀδελφός</em></strong></span> <span class='ocrx_word' id='word_1_89' title='bbox 1734 1498 1927 1562; x_wconf 78' lang='lat' dir='ltr'><strong>saepe</strong></span> <span class='ocrx_word' id='word_1_90' title='bbox 1964 1478 2136 1543; x_wconf 88' lang='lat' dir='ltr'><strong>inter</strong></span> <span class='ocrx_word' id='word_1_91' title='bbox 2172 1500 2311 1543; x_wconf 89' lang='lat' dir='ltr'><strong>sese</strong></span> <span class='ocrx_word' id='word_1_92' title='bbox 2348 1478 2647 1546; x_wconf 85' lang='lat' dir='ltr'><strong>confund.</strong></span> 
     </span>
     <span class='ocr_line' id='line_1_12' title="bbox 363 1583 2651 1671; baseline -0.001 -17"><span class='ocrx_word' id='word_1_93' title='bbox 363 1586 446 1654; x_wconf 87' lang='lat' dir='ltr'><strong>cf.</strong></span> <span class='ocrx_word' id='word_1_94' title='bbox 491 1609 553 1671; x_wconf 88' lang='lat' dir='ltr'><strong>p.</strong></span> <span class='ocrx_word' id='word_1_95' title='bbox 599 1585 730 1651; x_wconf 80' lang='lat'><strong>635</strong></span> <span class='ocrx_word' id='word_1_96' title='bbox 758 1607 815 1650; x_wconf 85' lang='lat' dir='ltr'><strong>a.</strong></span> <span class='ocrx_word' id='word_1_97' title='bbox 906 1583 1179 1669; x_wconf 81' lang='lat' dir='ltr'><strong>Quoquo</strong></span> <span class='ocrx_word' id='word_1_98' title='bbox 1233 1585 1429 1651; x_wconf 92' lang='lat' dir='ltr'><strong>modo</strong></span> <span class='ocrx_word' id='word_1_99' title='bbox 1485 1606 1588 1651; x_wconf 87' lang='lat' dir='ltr'><strong>res</strong></span> <span class='ocrx_word' id='word_1_100' title='bbox 1646 1606 1713 1650; x_wconf 92' lang='lat' dir='ltr'><strong>se</strong></span> <span class='ocrx_word' id='word_1_101' title='bbox 1766 1584 1995 1669; x_wconf 80' lang='lat' dir='ltr'><strong>habet,</strong></span> <span class='ocrx_word' id='word_1_102' title='bbox 2054 1584 2299 1649; x_wconf 90' lang='lat' dir='ltr'><strong>conicio</strong></span> <span class='ocrx_word' id='word_1_103' title='bbox 2360 1585 2453 1652; x_wconf 91' lang='lat' dir='ltr'><strong>sic</strong></span> <span class='ocrx_word' id='word_1_104' title='bbox 2508 1606 2651 1652; x_wconf 86' lang='lat' dir='ltr'><strong>csse</strong></span> 
     </span>
     <span class='ocr_line' id='line_1_13' title="bbox 366 1686 2651 1779; baseline -0.001 -20"><span class='ocrx_word' id='word_1_105' title='bbox 366 1692 799 1759; x_wconf 87' lang='lat' dir='ltr'><strong>scribendum:</strong></span> <span class='ocrx_word' id='word_1_106' title='bbox 853 1686 1020 1757; x_wconf 74' lang='grc' dir='ltr'><strong><em>ὥστε</em></strong></span> <span class='ocrx_word' id='word_1_107' title='bbox 1082 1690 1322 1777; x_wconf 78' lang='grc' dir='ltr'><strong><em>πέρυσι</em></strong></span> <span class='ocrx_word' id='word_1_108' title='bbox 1366 1687 1547 1777; x_wconf 82' lang='grc' dir='ltr'><strong><em>παρὰ</em></strong></span> <span class='ocrx_word' id='word_1_109' title='bbox 1592 1692 2094 1775; x_wconf 82' lang='grc' dir='ltr'><strong><em>Κλεοβουλίνης</em></strong></span> <span class='ocrx_word' id='word_1_110' title='bbox 2138 1688 2497 1779; x_wconf 74' lang='grc' dir='ltr'><strong><em>(Δελφοῖς)</em></strong></span> <span class='ocrx_word' id='word_1_111' title='bbox 2543 1714 2651 1777; x_wconf 87' lang='grc' dir='ltr'><strong><em>με·</em></strong></span> 
     </span>
     <span class='ocr_line' id='line_1_14' title="bbox 358 1796 2650 1886; baseline -0 -19"><span class='ocrx_word' id='word_1_112' title='bbox 358 1796 646 1877; x_wconf 56' lang='lat' dir='ltr'><strong>&amp;vacas</strong></span> <span class='ocrx_word' id='word_1_113' title='bbox 689 1800 901 1865; x_wconf 80' lang='grc' dir='ltr'><strong><em>αἰτεῖν</em></strong></span> <span class='ocrx_word' id='word_1_114' title='bbox 946 1798 1281 1884; x_wconf 81' lang='grc' dir='ltr'><strong><em>στέφανον</em></strong></span> <span class='ocrx_word' id='word_1_115' title='bbox 1327 1803 1465 1863; x_wconf 84' lang='grc' dir='ltr'><strong><em>κτλ.</em></strong></span> <span class='ocrx_word' id='word_1_116' title='bbox 1553 1796 1745 1864; x_wconf 90' lang='lat' dir='ltr'><strong>Unde</strong></span> <span class='ocrx_word' id='word_1_117' title='bbox 1792 1800 2088 1883; x_wconf 83' lang='lat' dir='ltr'><strong>apparet,</strong></span> <span class='ocrx_word' id='word_1_118' title='bbox 2132 1799 2417 1883; x_wconf 79' lang='lat' dir='ltr'><strong>puellam</strong></span> <span class='ocrx_word' id='word_1_119' title='bbox 2464 1820 2650 1886; x_wconf 79' lang='lat' dir='ltr'><strong>saga-</strong></span> 
     </span>
     <span class='ocr_line' id='line_1_15' title="bbox 358 1902 2653 1992; baseline 0 -20"><span class='ocrx_word' id='word_1_120' title='bbox 358 1907 686 1973; x_wconf 83' lang='lat' dir='ltr'><strong>cissimam</strong></span> <span class='ocrx_word' id='word_1_121' title='bbox 733 1902 1182 1973; x_wconf 81' lang='lat' dir='ltr'><strong>Cleobulinem</strong></span> <span class='ocrx_word' id='word_1_122' title='bbox 1242 1906 1516 1970; x_wconf 75' lang='lat' dir='ltr'><strong>electam</strong></span> <span class='ocrx_word' id='word_1_123' title='bbox 1569 1905 1795 1991; x_wconf 84' lang='lat' dir='ltr'><strong>fuisse,</strong></span> <span class='ocrx_word' id='word_1_124' title='bbox 1854 1907 1930 1970; x_wconf 87' lang='lat' dir='ltr'><strong>ut</strong></span> <span class='ocrx_word' id='word_1_125' title='bbox 1982 1927 2290 1971; x_wconf 84' lang='lat' dir='ltr'><strong>coronam</strong></span> <span class='ocrx_word' id='word_1_126' title='bbox 2353 1910 2420 1972; x_wconf 88' lang='lat' dir='ltr'><strong>et</strong></span> <span class='ocrx_word' id='word_1_127' title='bbox 2462 1929 2653 1992; x_wconf 86' lang='lat' dir='ltr'><strong>prae-</strong></span> 
     </span>
     <span class='ocr_line' id='line_1_16' title="bbox 297 2010 2651 2097; baseline 0 -18"><span class='ocrx_word' id='word_1_128' title='bbox 297 2064 317 2079; x_wconf 84' lang='lat'><strong>.</strong></span> <span class='ocrx_word' id='word_1_129' title='bbox 356 2013 559 2078; x_wconf 90' lang='lat' dir='ltr'><strong>mium</strong></span> <span class='ocrx_word' id='word_1_130' title='bbox 632 2012 866 2078; x_wconf 80' lang='lat' dir='ltr'><strong>victori</strong></span> <span class='ocrx_word' id='word_1_131' title='bbox 940 2013 1140 2078; x_wconf 86' lang='lat' dir='ltr'><strong>daret.</strong></span> <span class='ocrx_word' id='word_1_132' title='bbox 1237 2010 1519 2077; x_wconf 79' lang='lat' dir='ltr'><strong>Librarii</strong></span> <span class='ocrx_word' id='word_1_133' title='bbox 1591 2033 1787 2096; x_wconf 86' lang='lat' dir='ltr'><strong>quam</strong></span> <span class='ocrx_word' id='word_1_134' title='bbox 1860 2013 2313 2097; x_wconf 88' lang='lat' dir='ltr'><strong>compendiose</strong></span> <span class='ocrx_word' id='word_1_135' title='bbox 2384 2014 2651 2080; x_wconf 85' lang='lat' dir='ltr'><strong>nomina</strong></span> 
     </span>
     <span class='ocr_line' id='line_1_17' title="bbox 357 2117 2651 2207; baseline 0 -22"><span class='ocrx_word' id='word_1_136' title='bbox 357 2120 649 2207; x_wconf 80' lang='lat' dir='ltr'><strong>propria,</strong></span> <span class='ocrx_word' id='word_1_137' title='bbox 720 2119 999 2185; x_wconf 80' lang='lat' dir='ltr'><strong>maxime</strong></span> <span class='ocrx_word' id='word_1_138' title='bbox 1062 2141 1228 2205; x_wconf 79' lang='lat' dir='ltr'><strong>quae</strong></span> <span class='ocrx_word' id='word_1_139' title='bbox 1283 2118 1771 2204; x_wconf 75' lang='lat' dir='ltr'><strong>repetebantur,</strong></span> <span class='ocrx_word' id='word_1_140' title='bbox 1835 2117 2191 2184; x_wconf 89' lang='lat' dir='ltr'><strong>scriberent</strong></span> <span class='ocrx_word' id='word_1_141' title='bbox 2247 2121 2476 2185; x_wconf 89' lang='lat' dir='ltr'><strong>notum</strong></span> <span class='ocrx_word' id='word_1_142' title='bbox 2536 2126 2651 2187; x_wconf 88' lang='lat' dir='ltr'><strong>est.</strong></span> 
     </span>
     <span class='ocr_line' id='line_1_18' title="bbox 358 2223 2651 2311; baseline -0 -18"><span class='ocrx_word' id='word_1_143' title='bbox 358 2224 704 2293; x_wconf 80' lang='lat' dir='ltr'><strong>Nonnullis</strong></span> <span class='ocrx_word' id='word_1_144' title='bbox 753 2228 973 2291; x_wconf 86' lang='lat' dir='ltr'><strong>tamen</strong></span> <span class='ocrx_word' id='word_1_145' title='bbox 1018 2223 1329 2310; x_wconf 88' lang='lat' dir='ltr'><strong>exemplis</strong></span> <span class='ocrx_word' id='word_1_146' title='bbox 1374 2246 1409 2289; x_wconf 90' lang='lat' dir='ltr'><strong>e</strong></span> <span class='ocrx_word' id='word_1_147' title='bbox 1445 2224 1676 2291; x_wconf 81' lang='lat' dir='ltr'><strong>Nostri</strong></span> <span class='ocrx_word' id='word_1_148' title='bbox 1722 2225 1903 2292; x_wconf 89' lang='lat' dir='ltr'><strong>codd.</strong></span> <span class='ocrx_word' id='word_1_149' title='bbox 1953 2226 2230 2311; x_wconf 83' lang='lat' dir='ltr'><strong>sumptis</strong></span> <span class='ocrx_word' id='word_1_150' title='bbox 2270 2247 2410 2291; x_wconf 85' lang='lat' dir='ltr'><strong>rem</strong></span> <span class='ocrx_word' id='word_1_151' title='bbox 2448 2227 2651 2293; x_wconf 79' lang='lat' dir='ltr'><strong>decla-</strong></span> 
     </span>
     <span class='ocr_line' id='line_1_19' title="bbox 357 2324 2651 2417; baseline 0.001 -19"><span class='ocrx_word' id='word_1_152' title='bbox 357 2356 500 2398; x_wconf 86' lang='lat' dir='ltr'><strong>rare</strong></span> <span class='ocrx_word' id='word_1_153' title='bbox 547 2356 586 2399; x_wconf 83' lang='lat' dir='ltr'>a</span> <span class='ocrx_word' id='word_1_154' title='bbox 630 2332 968 2417; x_wconf 88' lang='lat' dir='ltr'><strong>proposito</strong></span> <span class='ocrx_word' id='word_1_155' title='bbox 1015 2324 1299 2396; x_wconf 80' lang='lat' dir='ltr'><strong>alienum</strong></span> <span class='ocrx_word' id='word_1_156' title='bbox 1345 2352 1478 2397; x_wconf 92' lang='lat' dir='ltr'><strong>non</strong></span> <span class='ocrx_word' id='word_1_157' title='bbox 1523 2330 1791 2396; x_wconf 84' lang='lat' dir='ltr'><strong>videtur.</strong></span> <span class='ocrx_word' id='word_1_158' title='bbox 1865 2331 1935 2398; x_wconf 89' lang='lat' dir='ltr'><strong>P.</strong></span> <span class='ocrx_word' id='word_1_159' title='bbox 1978 2333 2103 2397; x_wconf 88' lang='lat'><strong>168</strong></span> <span class='ocrx_word' id='word_1_160' title='bbox 2133 2331 2167 2396; x_wconf 89' lang='lat' dir='ltr'>f</span> <span class='ocrx_word' id='word_1_161' title='bbox 2206 2353 2430 2399; x_wconf 88' lang='lat' dir='ltr'><strong>omnes</strong></span> <span class='ocrx_word' id='word_1_162' title='bbox 2471 2334 2651 2399; x_wconf 89' lang='lat' dir='ltr'><strong>codd.</strong></span> 
     </span>
     <span class='ocr_line' id='line_1_20' title="bbox 357 2437 2651 2526; baseline 0.001 -21"><span class='ocrx_word' id='word_1_163' title='bbox 357 2440 794 2524; x_wconf 81' lang='grc' dir='ltr'><strong><em>Μεσσηνίους</em></strong></span> <span class='ocrx_word' id='word_1_164' title='bbox 831 2437 1214 2525; x_wconf 86' lang='lat' dir='ltr'><strong>producunt,</strong></span> <span class='ocrx_word' id='word_1_165' title='bbox 1251 2458 1397 2502; x_wconf 90' lang='lat' dir='ltr'><strong>cum</strong></span> <span class='ocrx_word' id='word_1_166' title='bbox 1427 2438 1751 2504; x_wconf 85' lang='lat' dir='ltr'><strong>sententia</strong></span> <span class='ocrx_word' id='word_1_167' title='bbox 1777 2438 2353 2522; x_wconf 80' lang='grc' dir='ltr'><strong><em>Λακεδαιμονίους</em></strong></span> <span class='ocrx_word' id='word_1_168' title='bbox 2379 2439 2651 2526; x_wconf 86' lang='lat' dir='ltr'><strong>flagitet.</strong></span> 
     </span>
     <span class='ocr_line' id='line_1_21' title="bbox 354 2543 2651 2631; baseline 0 -19"><span class='ocrx_word' id='word_1_169' title='bbox 354 2544 532 2612; x_wconf 90' lang='lat' dir='ltr'><strong>Num</strong></span> <span class='ocrx_word' id='word_1_170' title='bbox 604 2543 943 2611; x_wconf 82' lang='lat' dir='ltr'><strong>librarium</strong></span> <span class='ocrx_word' id='word_1_171' title='bbox 1007 2567 1151 2612; x_wconf 87' lang='lat' dir='ltr'><strong>cum</strong></span> <span class='ocrx_word' id='word_1_172' title='bbox 1214 2546 1538 2630; x_wconf 76' lang='lat' dir='ltr'><strong>posterius</strong></span> <span class='ocrx_word' id='word_1_173' title='bbox 1604 2545 1982 2631; x_wconf 82' lang='lat' dir='ltr'><strong>invenisset,</strong></span> <span class='ocrx_word' id='word_1_174' title='bbox 2054 2544 2234 2630; x_wconf 89' lang='lat' dir='ltr'><strong>prius</strong></span> <span class='ocrx_word' id='word_1_175' title='bbox 2300 2546 2651 2612; x_wconf 80' lang='lat' dir='ltr'><strong>correxisse</strong></span> 
     </span>
     <span class='ocr_line' id='line_1_22' title="bbox 350 2651 2651 2740; baseline 0 -22"><span class='ocrx_word' id='word_1_176' title='bbox 350 2652 698 2740; x_wconf 74' lang='lat' dir='ltr'><strong>putemus?</strong></span> <span class='ocrx_word' id='word_1_177' title='bbox 787 2651 940 2719; x_wconf 92' lang='lat' dir='ltr'><strong>Non</strong></span> <span class='ocrx_word' id='word_1_178' title='bbox 1005 2675 1175 2719; x_wconf 84' lang='lat' dir='ltr'><strong>sane.</strong></span> <span class='ocrx_word' id='word_1_179' title='bbox 1267 2652 1349 2718; x_wconf 90' lang='lat' dir='ltr'><strong>In</strong></span> <span class='ocrx_word' id='word_1_180' title='bbox 1407 2653 1624 2719; x_wconf 90' lang='lat' dir='ltr'><strong>codice</strong></span> <span class='ocrx_word' id='word_1_181' title='bbox 1684 2675 1808 2719; x_wconf 79' lang='lat' dir='ltr'><strong>vox</strong></span> <span class='ocrx_word' id='word_1_182' title='bbox 1864 2653 2225 2737; x_wconf 78' lang='grc' dir='ltr'><strong><em>Λακεδαιμ.</em></strong></span> <span class='ocrx_word' id='word_1_183' title='bbox 2286 2656 2425 2718; x_wconf 81' lang='lat' dir='ltr'><strong>erat</strong></span> <span class='ocrx_word' id='word_1_184' title='bbox 2482 2675 2651 2719; x_wconf 89' lang='lat' dir='ltr'><strong>com-</strong></span> 
     </span>
     <span class='ocr_line' id='line_1_23' title="bbox 350 2759 2652 2846; baseline 0.001 -21"><span class='ocrx_word' id='word_1_185' title='bbox 350 2759 662 2846; x_wconf 85' lang='lat' dir='ltr'><strong>pendiose</strong></span> <span class='ocrx_word' id='word_1_186' title='bbox 700 2761 942 2845; x_wconf 86' lang='lat' dir='ltr'><strong>scripta</strong></span> <span class='ocrx_word' id='word_1_187' title='bbox 977 2761 1047 2824; x_wconf 92' lang='lat' dir='ltr'><strong>in</strong></span> <span class='ocrx_word' id='word_1_188' title='bbox 1081 2759 1257 2824; x_wconf 90' lang='lat' dir='ltr'><strong>hunc</strong></span> <span class='ocrx_word' id='word_1_189' title='bbox 1292 2759 1585 2824; x_wconf 88' lang='lat' dir='ltr'><strong>modum:</strong></span> <span class='ocrx_word' id='word_1_190' title='bbox 1633 2761 1735 2824; x_wconf 96' lang='grc' dir='ltr'><strong>ΛΛ</strong></span> <span class='ocrx_word' id='word_1_191' title='bbox 1757 2810 1770 2825; x_wconf 94' lang='grc'><strong><em>.</em></strong></span> <span class='ocrx_word' id='word_1_192' title='bbox 1792 2759 1884 2826; x_wconf 81' lang='lat' dir='ltr'><strong>CC</strong></span> <span class='ocrx_word' id='word_1_193' title='bbox 1904 2810 1919 2824; x_wconf 90' lang='lat'><strong>.</strong></span> <span class='ocrx_word' id='word_1_194' title='bbox 1942 2759 2197 2845; x_wconf 77' lang='grc' dir='ltr'>ΝΙΟΥΕ,</span> <span class='ocrx_word' id='word_1_195' title='bbox 2244 2761 2418 2845; x_wconf 90' lang='lat' dir='ltr'><strong>quod</strong></span> <span class='ocrx_word' id='word_1_196' title='bbox 2457 2760 2652 2827; x_wconf 83' lang='lat' dir='ltr'><strong>libra.-</strong></span> 
     </span>
     <span class='ocr_line' id='line_1_24' title="bbox 351 2863 2650 2955; baseline 0.001 -23"><span class='ocrx_word' id='word_1_197' title='bbox 351 2869 489 2932; x_wconf 90' lang='lat' dir='ltr'><strong>rius</strong></span> <span class='ocrx_word' id='word_1_198' title='bbox 533 2865 724 2931; x_wconf 88' lang='lat' dir='ltr'><strong>facile</strong></span> <span class='ocrx_word' id='word_1_199' title='bbox 760 2865 832 2930; x_wconf 92' lang='lat' dir='ltr'><strong>in</strong></span> <span class='ocrx_word' id='word_1_200' title='bbox 859 2867 1292 2949; x_wconf 84' lang='grc' dir='ltr'><strong><em>Μεσσηνίους</em></strong></span> <span class='ocrx_word' id='word_1_201' title='bbox 1326 2865 1617 2950; x_wconf 82' lang='lat' dir='ltr'><strong>refinxit3</strong></span> <span class='ocrx_word' id='word_1_202' title='bbox 1665 2865 2011 2950; x_wconf 88' lang='lat' dir='ltr'><strong>legendum</strong></span> <span class='ocrx_word' id='word_1_203' title='bbox 2049 2868 2188 2930; x_wconf 87' lang='lat' dir='ltr'><strong>erat</strong></span> <span class='ocrx_word' id='word_1_204' title='bbox 2222 2863 2650 2955; x_wconf 79' lang='grc' dir='ltr'>ΛΑ(Ι)(Ε(Δ)-</span> 
     </span>
     <span class='ocr_line' id='line_1_25' title="bbox 355 2970 2653 3056; baseline 0 -15"><span class='ocrx_word' id='word_1_205' title='bbox 355 2974 595 3042; x_wconf 75' lang='grc' dir='ltr'>ΝΙΟΥ(</span> <span class='ocrx_word' id='word_1_206' title='bbox 651 2975 717 3036; x_wconf 89' lang='lat' dir='ltr'><strong>et</strong></span> <span class='ocrx_word' id='word_1_207' title='bbox 762 2971 1172 3038; x_wconf 74' lang='lat' dir='ltr'><strong>scribendum</strong></span> <span class='ocrx_word' id='word_1_208' title='bbox 1218 2971 1843 3056; x_wconf 68' lang='grc' dir='ltr'><strong><em>Λακεδαιμονίους·</em></strong></span> <span class='ocrx_word' id='word_1_209' title='bbox 1903 2970 2131 3038; x_wconf 88' lang='lat' dir='ltr'><strong>Omnis</strong></span> <span class='ocrx_word' id='word_1_210' title='bbox 2180 2972 2501 3040; x_wconf 85' lang='lat' dir='ltr'><strong>dubitatio</strong></span> <span class='ocrx_word' id='word_1_211' title='bbox 2549 2998 2653 3042; x_wconf 82' lang='lat' dir='ltr'><strong>ex-</strong></span> 
     </span>
     <span class='ocr_line' id='line_1_26' title="bbox 353 3077 2652 3164; baseline 0.001 -18"><span class='ocrx_word' id='word_1_212' title='bbox 353 3080 578 3146; x_wconf 88' lang='lat' dir='ltr'><strong>imitur</strong></span> <span class='ocrx_word' id='word_1_213' title='bbox 619 3079 862 3164; x_wconf 86' lang='lat' dir='ltr'><strong>legenti</strong></span> <span class='ocrx_word' id='word_1_214' title='bbox 892 3077 1140 3145; x_wconf 81' lang='lat' dir='ltr'><strong>Cimon.</strong></span> <span class='ocrx_word' id='word_1_215' title='bbox 1173 3079 1275 3163; x_wconf 88' lang='lat'><strong>14,</strong></span> <span class='ocrx_word' id='word_1_216' title='bbox 1326 3079 1437 3144; x_wconf 92' lang='lat' dir='ltr'><strong>ubi</strong></span> <span class='ocrx_word' id='word_1_217' title='bbox 1481 3078 1593 3143; x_wconf 84' lang='lat' dir='ltr'><strong>alii</strong></span> <span class='ocrx_word' id='word_1_218' title='bbox 1638 3078 1847 3144; x_wconf 72' lang='lat' dir='ltr'><strong>codd:</strong></span> <span class='ocrx_word' id='word_1_219' title='bbox 1894 3079 2493 3164; x_wconf 79' lang='grc' dir='ltr'><strong><em>Λακεδαιμονίους,</em></strong></span> <span class='ocrx_word' id='word_1_220' title='bbox 2540 3083 2652 3148; x_wconf 85' lang='lat' dir='ltr'><strong>alii</strong></span> 
     </span>
     <span class='ocr_line' id='line_1_27' title="bbox 357 3183 2647 3263; baseline 0.003 -11"><span class='ocrx_word' id='word_1_221' title='bbox 357 3186 813 3263; x_wconf 79' lang='grc' dir='ltr'><strong><em>Λακεὸονίους</em></strong></span> <span class='ocrx_word' id='word_1_222' title='bbox 851 3184 1117 3252; x_wconf 78' lang='lat' dir='ltr'><strong>habent.</strong></span> <span class='ocrx_word' id='word_1_223' title='bbox 1189 3183 1371 3251; x_wconf 86' lang='lat' dir='ltr'><strong>Alibi</strong></span> <span class='ocrx_word' id='word_1_224' title='bbox 1407 3207 1442 3250; x_wconf 99' lang='lat' dir='ltr'><strong>e</strong></span> <span class='ocrx_word' id='word_1_225' title='bbox 1478 3184 2005 3253; x_wconf 75' lang='lat' dir='ltr'><strong>Lacedaemoniis</strong></span> <span class='ocrx_word' id='word_1_226' title='bbox 2042 3184 2430 3254; x_wconf 80' lang='lat' dir='ltr'><strong>Macedones</strong></span> <span class='ocrx_word' id='word_1_227' title='bbox 2464 3188 2647 3260; x_wconf 89' lang='lat' dir='ltr'><strong>fiunt.</strong></span> 
     </span>
    </p>
   </div>
   <div class='ocr_carea' id='block_1_5' title="bbox 355 3285 2651 3402">
    <p class='ocr_par' dir='ltr' id='par_1_5' title="bbox 355 3285 2651 3402">
     <span class='ocr_line' id='line_1_28' title="bbox 355 3285 2651 3402; baseline 0.001 -25"><span class='ocrx_word' id='word_1_228' title='bbox 355 3311 427 3377; x_wconf 92' lang='lat' dir='ltr'><strong>P.</strong></span> <span class='ocrx_word' id='word_1_229' title='bbox 491 3310 619 3377; x_wconf 83' lang='lat'><strong>597</strong></span> <span class='ocrx_word' id='word_1_230' title='bbox 661 3311 724 3375; x_wconf 91' lang='lat' dir='ltr'><strong>b.</strong></span> <span class='ocrx_word' id='word_1_231' title='bbox 785 3332 903 3396; x_wconf 90' lang='lat' dir='ltr'><strong>pro</strong></span> <span class='ocrx_word' id='word_1_232' title='bbox 967 3305 1362 3394; x_wconf 80' lang='grc' dir='ltr'><strong><em>Θεόπομπος</em></strong></span> <span class='ocrx_word' id='word_1_233' title='bbox 1433 3311 1505 3374; x_wconf 89' lang='lat' dir='ltr'><strong>in</strong></span> <span class='ocrx_word' id='word_1_234' title='bbox 1568 3309 1749 3402; x_wconf 77' lang='lat' dir='ltr'><strong>codd.</strong></span> <span class='ocrx_word' id='word_1_235' title='bbox 1814 3309 2115 3375; x_wconf 89' lang='lat' dir='ltr'><strong>scribitur</strong></span> <span class='ocrx_word' id='word_1_236' title='bbox 2180 3285 2507 3379; x_wconf 75' lang='grc' dir='ltr'>ΘΕόΠΟ(</span> <span class='ocrx_word' id='word_1_237' title='bbox 2572 3312 2651 3379; x_wconf 87' lang='lat' dir='ltr'><strong>cf.</strong></span> 
     </span>
    </p>
   </div>
   <div class='ocr_carea' id='block_1_6' title="bbox 310 3417 2651 3625">
    <p class='ocr_par' dir='ltr' id='par_1_6' title="bbox 310 3417 2651 3625">
     <span class='ocr_line' id='line_1_29' title="bbox 351 3417 2651 3521; baseline 0 -20"><span class='ocrx_word' id='word_1_238' title='bbox 351 3457 414 3521; x_wconf 80' lang='lat' dir='ltr'><strong>p.</strong></span> <span class='ocrx_word' id='word_1_239' title='bbox 463 3434 594 3500; x_wconf 87' lang='lat'><strong>594</strong></span> <span class='ocrx_word' id='word_1_240' title='bbox 622 3435 680 3499; x_wconf 85' lang='lat' dir='ltr'><strong>d.</strong></span> <span class='ocrx_word' id='word_1_241' title='bbox 739 3437 804 3498; x_wconf 74' lang='lat' dir='ltr'><strong>et</strong></span> <span class='ocrx_word' id='word_1_242' title='bbox 846 3432 1067 3518; x_wconf 84' lang='lat' dir='ltr'><strong>Pelop.</strong></span> <span class='ocrx_word' id='word_1_243' title='bbox 1114 3435 1174 3500; x_wconf 84' lang='lat' dir='ltr'><strong>s.</strong></span> <span class='ocrx_word' id='word_1_244' title='bbox 1264 3433 1334 3500; x_wconf 88' lang='grc' dir='ltr'><strong>Ρ.</strong></span> <span class='ocrx_word' id='word_1_245' title='bbox 1391 3434 1522 3498; x_wconf 82' lang='lat'><strong>622</strong></span> <span class='ocrx_word' id='word_1_246' title='bbox 1549 3433 1602 3498; x_wconf 84' lang='lat' dir='ltr'><strong>f:</strong></span> <span class='ocrx_word' id='word_1_247' title='bbox 1650 3433 1813 3499; x_wconf 84' lang='grc' dir='ltr'><strong>τΗΝ</strong></span> <span class='ocrx_word' id='word_1_248' title='bbox 1871 3433 1914 3498; x_wconf 90' lang='lat' dir='ltr'><strong>i.</strong></span> <span class='ocrx_word' id='word_1_249' title='bbox 1960 3454 2012 3499; x_wconf 73' lang='grc' dir='ltr'><strong>ο.</strong></span> <span class='ocrx_word' id='word_1_250' title='bbox 2069 3417 2220 3499; x_wconf 78' lang='grc' dir='ltr'><strong>ΓἮΝ</strong></span> <span class='ocrx_word' id='word_1_251' title='bbox 2271 3466 2356 3487; x_wconf 91' lang='grc'><strong>--</strong></span> <span class='ocrx_word' id='word_1_252' title='bbox 2403 3431 2651 3520; x_wconf 62' lang='lat' dir='ltr'><strong>mmm</strong></span> 
     </span>
     <span class='ocr_line' id='line_1_30' title="bbox 310 3536 2649 3625; baseline -0 -17"><span class='ocrx_word' id='word_1_253' title='bbox 310 3605 313 3608; x_wconf 87' lang='lat'><strong>.</strong></span> <span class='ocrx_word' id='word_1_254' title='bbox 351 3542 422 3609; x_wconf 91' lang='grc' dir='ltr'><strong>Ρ.</strong></span> <span class='ocrx_word' id='word_1_255' title='bbox 470 3543 601 3608; x_wconf 86' lang='grc'><strong>633</strong></span> <span class='ocrx_word' id='word_1_256' title='bbox 630 3541 673 3606; x_wconf 91' lang='lat' dir='ltr'><strong>b</strong></span> <span class='ocrx_word' id='word_1_257' title='bbox 731 3562 850 3625; x_wconf 90' lang='lat' dir='ltr'><strong>pro</strong></span> <span class='ocrx_word' id='word_1_258' title='bbox 898 3536 1293 3625; x_wconf 81' lang='grc' dir='ltr'><strong><em>Λυσιμάχου</em></strong></span> <span class='ocrx_word' id='word_1_259' title='bbox 1337 3540 1408 3604; x_wconf 88' lang='lat' dir='ltr'><strong>in</strong></span> <span class='ocrx_word' id='word_1_260' title='bbox 1453 3538 1634 3605; x_wconf 94' lang='lat' dir='ltr'><strong>codd.</strong></span> <span class='ocrx_word' id='word_1_261' title='bbox 1680 3538 2067 3624; x_wconf 81' lang='lat' dir='ltr'><strong>quibusdam</strong></span> <span class='ocrx_word' id='word_1_262' title='bbox 2112 3539 2316 3606; x_wconf 88' lang='lat' dir='ltr'><strong>fertur</strong></span> <span class='ocrx_word' id='word_1_263' title='bbox 2362 3544 2649 3625; x_wconf 89' lang='grc' dir='ltr'><strong><em>Λυσίου,</em></strong></span> 
     </span>
    </p>
   </div>
   <div class='ocr_carea' id='block_1_7' title="bbox 349 3649 2653 4552">
    <p class='ocr_par' dir='ltr' id='par_1_7' title="bbox 349 3649 2653 4552">
     <span class='ocr_line' id='line_1_31' title="bbox 352 3649 2653 3752; baseline -0 -19"><span class='ocrx_word' id='word_1_264' title='bbox 352 3668 418 3734; x_wconf 88' lang='lat' dir='ltr'><strong>h.</strong></span> <span class='ocrx_word' id='word_1_265' title='bbox 471 3689 524 3733; x_wconf 78' lang='lat' dir='ltr'><strong>e.</strong></span> <span class='ocrx_word' id='word_1_266' title='bbox 579 3649 891 3736; x_wconf 72' lang='grc' dir='ltr'><strong><em>Λγεῖογ.</em></strong></span> <span class='ocrx_word' id='word_1_267' title='bbox 979 3663 1051 3729; x_wconf 84' lang='grc' dir='ltr'><strong>Ρ.</strong></span> <span class='ocrx_word' id='word_1_268' title='bbox 1107 3663 1235 3730; x_wconf 84' lang='lat'><strong>651</strong></span> <span class='ocrx_word' id='word_1_269' title='bbox 1269 3685 1304 3729; x_wconf 62' lang='grc' dir='ltr'>θ</span> <span class='ocrx_word' id='word_1_270' title='bbox 1367 3663 1649 3730; x_wconf 72' lang='lat' dir='ltr'><strong>nominis</strong></span> <span class='ocrx_word' id='word_1_271' title='bbox 1713 3663 1844 3727; x_wconf 76' lang='lat' dir='ltr'><strong>iam</strong></span> <span class='ocrx_word' id='word_1_272' title='bbox 1901 3662 2165 3750; x_wconf 73' lang='lat' dir='ltr'><strong>repetiti</strong></span> <span class='ocrx_word' id='word_1_273' title='bbox 2215 3660 2653 3752; x_wconf 67' lang='grc' dir='ltr'><strong>Ἀερυῑιαως</strong></span> 
     </span>
     <span class='ocr_line' id='line_1_32' title="bbox 353 3774 2649 3859; baseline -0 0"><span class='ocrx_word' id='word_1_274' title='bbox 353 3793 686 3859; x_wconf 74' lang='lat' dir='ltr'><strong>vocativus</strong></span> <span class='ocrx_word' id='word_1_275' title='bbox 748 3791 819 3855; x_wconf 81' lang='lat' dir='ltr'><strong>in</strong></span> <span class='ocrx_word' id='word_1_276' title='bbox 881 3789 1184 3856; x_wconf 76' lang='lat' dir='ltr'><strong>omnibus</strong></span> <span class='ocrx_word' id='word_1_277' title='bbox 1248 3789 1434 3856; x_wconf 81' lang='lat' dir='ltr'><strong>libris</strong></span> <span class='ocrx_word' id='word_1_278' title='bbox 1499 3790 1625 3854; x_wconf 71' lang='lat' dir='ltr'><strong>est:</strong></span> <span class='ocrx_word' id='word_1_279' title='bbox 1692 3789 1936 3854; x_wconf 67' lang='grc' dir='ltr'><strong><em>Λουττε</em></strong></span> <span class='ocrx_word' id='word_1_280' title='bbox 1999 3789 2041 3855; x_wconf 83' lang='lat' dir='ltr'><strong>i.</strong></span> <span class='ocrx_word' id='word_1_281' title='bbox 2107 3813 2162 3856; x_wconf 77' lang='lat' dir='ltr'><strong>e.</strong></span> <span class='ocrx_word' id='word_1_282' title='bbox 2216 3774 2506 3858; x_wconf 61' lang='grc' dir='ltr'>ΑΘΤΠΕ</span> <span class='ocrx_word' id='word_1_283' title='bbox 2564 3823 2649 3846; x_wconf 77' lang='lat'><em>=</em></span> 
     </span>
     <span class='ocr_line' id='line_1_33' title="bbox 349 3895 2652 4000; baseline 0.001 -20"><span class='ocrx_word' id='word_1_284' title='bbox 349 3910 754 3999; x_wconf 73' lang='grc' dir='ltr'><strong><em>Ἀθρυΐλατε.</em></strong></span> <span class='ocrx_word' id='word_1_285' title='bbox 861 3914 1174 3981; x_wconf 85' lang='lat' dir='ltr'><strong>Similiter</strong></span> <span class='ocrx_word' id='word_1_286' title='bbox 1233 3937 1297 4000; x_wconf 88' lang='lat' dir='ltr'><strong>p.</strong></span> <span class='ocrx_word' id='word_1_287' title='bbox 1355 3915 1483 3980; x_wconf 80' lang='lat'><strong>677</strong></span> <span class='ocrx_word' id='word_1_288' title='bbox 1525 3935 1560 3978; x_wconf 94' lang='lat' dir='ltr'><strong>c</strong></span> <span class='ocrx_word' id='word_1_289' title='bbox 1626 3895 1939 3998; x_wconf 60' lang='grc' dir='ltr'><strong><em>Πῖοκλῆς</em></strong></span> <span class='ocrx_word' id='word_1_290' title='bbox 1993 3943 2077 3966; x_wconf 78' lang='lat'><em>=</em></span> <span class='ocrx_word' id='word_1_291' title='bbox 2136 3916 2652 4000; x_wconf 77' lang='grc' dir='ltr'><strong><em>Πατροκλείδης.</em></strong></span> 
     </span>
     <span class='ocr_line' id='line_1_34' title="bbox 352 4014 2652 4107; baseline 0 -19"><span class='ocrx_word' id='word_1_292' title='bbox 352 4021 424 4088; x_wconf 91' lang='grc' dir='ltr'><strong>Ρ.</strong></span> <span class='ocrx_word' id='word_1_293' title='bbox 474 4022 510 4085; x_wconf 80' lang='lat'>7</span> <span class='ocrx_word' id='word_1_294' title='bbox 517 4020 599 4085; x_wconf 84' lang='lat'><strong>81</strong></span> <span class='ocrx_word' id='word_1_295' title='bbox 631 4040 666 4084; x_wconf 88' lang='lat' dir='ltr'><strong>e</strong></span> <span class='ocrx_word' id='word_1_296' title='bbox 721 4022 892 4105; x_wconf 90' lang='lat' dir='ltr'><strong>quod</strong></span> <span class='ocrx_word' id='word_1_297' title='bbox 953 4022 1258 4088; x_wconf 86' lang='lat' dir='ltr'><strong>scribitur</strong></span> <span class='ocrx_word' id='word_1_298' title='bbox 1295 4014 1770 4106; x_wconf 77' lang='grc' dir='ltr'><strong><em>Ἀριστόδημος</em></strong></span> <span class='ocrx_word' id='word_1_299' title='bbox 1812 4043 1931 4105; x_wconf 88' lang='lat' dir='ltr'><strong>pro</strong></span> <span class='ocrx_word' id='word_1_300' title='bbox 1972 4015 2392 4107; x_wconf 78' lang='grc' dir='ltr'><strong><em>Ἀρίστιππος</em></strong></span> <span class='ocrx_word' id='word_1_301' title='bbox 2436 4026 2652 4089; x_wconf 87' lang='lat' dir='ltr'><strong>ortum</strong></span> 
     </span>
     <span class='ocr_line' id='line_1_35' title="bbox 354 4129 2652 4228; baseline 0 -18"><span class='ocrx_word' id='word_1_302' title='bbox 354 4148 478 4211; x_wconf 78' lang='lat' dir='ltr'><strong>est-</strong></span> <span class='ocrx_word' id='word_1_303' title='bbox 501 4166 536 4209; x_wconf 94' lang='lat' dir='ltr'><strong>e</strong></span> <span class='ocrx_word' id='word_1_304' title='bbox 583 4143 924 4228; x_wconf 64' lang='lat' dir='ltr'><strong>scriptun-a:</strong></span> <span class='ocrx_word' id='word_1_305' title='bbox 970 4129 1312 4210; x_wconf 73' lang='lat' dir='ltr'><strong>APlCT—OC.</strong></span> <span class='ocrx_word' id='word_1_306' title='bbox 1383 4143 1456 4209; x_wconf 91' lang='lat' dir='ltr'><strong>P.</strong></span> <span class='ocrx_word' id='word_1_307' title='bbox 1498 4144 1670 4209; x_wconf 83' lang='lat'>1136</span> <span class='ocrx_word' id='word_1_308' title='bbox 1708 4165 1748 4208; x_wconf 84' lang='lat' dir='ltr'><strong>a.</strong></span> <span class='ocrx_word' id='word_1_309' title='bbox 1793 4143 1974 4210; x_wconf 91' lang='lat' dir='ltr'><strong>codd.</strong></span> <span class='ocrx_word' id='word_1_310' title='bbox 2014 4129 2352 4228; x_wconf 58' lang='grc' dir='ltr'><strong><em>Ἀυτικλ-ἧς</em></strong></span> <span class='ocrx_word' id='word_1_311' title='bbox 2390 4173 2475 4197; x_wconf 79' lang='lat'><strong><em>=</em></strong></span> <span class='ocrx_word' id='word_1_312' title='bbox 2513 4139 2652 4210; x_wconf 89' lang='grc' dir='ltr'><strong>Ἀν-</strong></span> 
     </span>
     <span class='ocr_line' id='line_1_36' title="bbox 353 4242 2650 4335; baseline -0 -17"><span class='ocrx_word' id='word_1_313' title='bbox 353 4251 698 4334; x_wconf 78' lang='grc' dir='ltr'><strong><em>τικλείδης.</em></strong></span> <span class='ocrx_word' id='word_1_314' title='bbox 746 4283 830 4296; x_wconf 86' lang='lat'><strong>—-</strong></span> <span class='ocrx_word' id='word_1_315' title='bbox 876 4248 1152 4335; x_wconf 83' lang='lat' dir='ltr'><strong>Lycurg.</strong></span> <span class='ocrx_word' id='word_1_316' title='bbox 1196 4250 1307 4315; x_wconf 87' lang='lat'><strong>18:</strong></span> <span class='ocrx_word' id='word_1_317' title='bbox 1347 4243 1617 4334; x_wconf 79' lang='grc' dir='ltr'><strong><em>Ὀρθίας</em></strong></span> <span class='ocrx_word' id='word_1_318' title='bbox 1660 4242 2118 4335; x_wconf 76' lang='grc' dir='ltr'><strong><em>(Ἀρτέμιδος).</em></strong></span> <span class='ocrx_word' id='word_1_319' title='bbox 2183 4247 2423 4314; x_wconf 88' lang='lat' dir='ltr'><strong>Omnes</strong></span> <span class='ocrx_word' id='word_1_320' title='bbox 2462 4251 2650 4317; x_wconf 87' lang='lat' dir='ltr'><strong>codd:</strong></span> 
     </span>
     <span class='ocr_line' id='line_1_37' title="bbox 351 4351 2650 4443; baseline -0 -19"><span class='ocrx_word' id='word_1_321' title='bbox 351 4353 738 4443; x_wconf 73' lang='grc' dir='ltr'><strong><em>Ὀρνυθείας.</em></strong></span> <span class='ocrx_word' id='word_1_322' title='bbox 840 4356 950 4422; x_wconf 86' lang='lat'><strong>28:</strong></span> <span class='ocrx_word' id='word_1_323' title='bbox 1007 4351 1368 4441; x_wconf 64' lang='grc' dir='ltr'><strong><em>σπέντοςβ)</em></strong></span> <span class='ocrx_word' id='word_1_324' title='bbox 1427 4383 1511 4407; x_wconf 83' lang='lat'>=</span> <span class='ocrx_word' id='word_1_325' title='bbox 1567 4355 2013 4432; x_wconf 79' lang='grc' dir='ltr'><strong><em>Σπένδοντος.</em></strong></span> <span class='ocrx_word' id='word_1_326' title='bbox 2102 4353 2295 4422; x_wconf 89' lang='lat' dir='ltr'><strong>Num.</strong></span> <span class='ocrx_word' id='word_1_327' title='bbox 2342 4356 2413 4422; x_wconf 88' lang='lat'><strong>3:</strong></span> <span class='ocrx_word' id='word_1_328' title='bbox 2468 4360 2650 4443; x_wconf 82' lang='grc' dir='ltr'><strong><em>Πομ.-</em></strong></span> 
     </span>
     <span class='ocr_line' id='line_1_38' title="bbox 359 4457 2651 4552; baseline 0.002 -22"><span class='ocrx_word' id='word_1_329' title='bbox 359 4467 583 4531; x_wconf 78' lang='grc' dir='ltr'><strong><em>πίλιον</em></strong></span> <span class='ocrx_word' id='word_1_330' title='bbox 629 4463 890 4552; x_wconf 75' lang='lat' dir='ltr'><strong>‘legitur</strong></span> <span class='ocrx_word' id='word_1_331' title='bbox 936 4466 1003 4530; x_wconf 87' lang='lat' dir='ltr'><strong>et</strong></span> <span class='ocrx_word' id='word_1_332' title='bbox 1045 4457 1386 4548; x_wconf 79' lang='grc' dir='ltr'><strong><em>Πόμπιον’</em></strong></span> <span class='ocrx_word' id='word_1_333' title='bbox 1435 4459 1654 4549; x_wconf 84' lang='lat' dir='ltr'><strong>Steph.</strong></span> <span class='ocrx_word' id='word_1_334' title='bbox 1700 4463 2119 4548; x_wconf 79' lang='grc' dir='ltr'><strong><em>Πομπωνίου</em></strong></span> <span class='ocrx_word' id='word_1_335' title='bbox 2164 4460 2504 4549; x_wconf 70' lang='lat' dir='ltr'><strong>‘scriptum</strong></span> <span class='ocrx_word' id='word_1_336' title='bbox 2549 4470 2651 4534; x_wconf 86' lang='lat' dir='ltr'><strong>est</strong></span> 
     </span>
    </p>
   </div>
  </div>
 </body>
</html>
