3200 5175
1517 311 1957 404 „944

591 516 734 585 δῶν
771 555 857 566 -
895 514 1260 604 σύμβολον,
1295 512 1454 583 καθ’
1505 510 1671 583 αὑτὸ
1718 511 1963 604 μικρὸν
1996 509 2083 582 ὃν
2118 512 2231 580 καὶ
2274 513 2559 599 κοῦφον.
2642 514 2771 582 Sed
2814 535 2897 580 ea

591 647 842 713 quoque
879 625 1148 692 minime
1185 619 1390 711 ἀρκεῖ.
1465 623 1937 690 Herwerdenus
1974 645 2109 690 non
2144 623 2419 708 expedit.
2452 657 2527 670 -
2564 620 2898 706 Scriptum

589 735 730 798 erat
772 733 845 798 in
889 731 1135 798 codice:
1193 731 1496 796 ΟΥΤω(
1536 781 1550 794 .
1579 780 1594 794 .
1634 731 2001 809 ΑΡΜΟΕΕΙ,
2060 751 2223 815 quae
2277 729 2583 794 librarius
2644 727 2902 794 scilicet

589 839 778 905 facile
825 838 1150 924 supplevit
1201 837 1422 923 itaque
1479 835 1655 902 dedit
1710 857 1903 902 sensu
1942 857 2164 902 vacua
2224 829 2445 913 οὕτως
2490 831 2899 920 ἐφαρμόσει.

591 945 1011 1012 Scribendum
1057 947 1225 1010 erat:
1273 938 1480 1009 οὕτω
1525 938 1931 1031 (πτ)αρμὸς
1974 937 2049 1028 ἦ,
2096 965 2260 1028 quae
2308 942 2565 1026 saepius
2600 943 2673 1006 in
2716 964 2902 1028 seqq.

589 1055 988 1138 repetuntur,
1031 1055 1108 1116 ut
1150 1052 1224 1116 in
1267 1051 1494 1116 eodem
1541 1071 1690 1136 cap:
1736 1049 2013 1140 πταρμῷ
2058 1045 2417 1135 χρώμενος.
2480 1043 2613 1115 ὑπὸ
2660 1049 2906 1134 φωνῆς

590 1158 846 1238 ἔξωθεν
889 1152 934 1244 ἢ
969 1157 1276 1244 πταρμοῦ
1319 1181 1522 1236 τινος.
1569 1155 1643 1223 ἐκ
1684 1152 2103 1244 κλῃδόνων
2148 1149 2193 1240 ἢ
2228 1156 2617 1241 πταρμῶν.
2668 1154 2742 1220 O.
2782 1157 2902 1220 12:

594 1267 691 1343 είς
733 1262 1072 1351 πταρμοὺς
1119 1263 1230 1332 καὶ
1276 1260 1627 1352 κλῃδόνας.
1684 1259 1861 1330 οὕτω
1898 1264 2183 1350 μαντικῇ
2228 1264 2411 1350 ψυχῇ
2450 1259 2809 1349 πταρμὸς
2854 1255 2903 1346 ἢ

590 1367 910 1459 κλῃδὼν
957 1368 1042 1438 οὐ
1085 1371 1254 1458 μέγα
1295 1367 1456 1437 καθ’
1509 1367 1740 1454 ἑαυτὸ,
1794 1371 2091 1455 μεγάλου
2135 1367 2211 1436 δὲ
2266 1381 2545 1456 σημεῖον
2590 1366 2907 1456 συμπτώ-

592 1501 812 1564 ματος.
871 1474 954 1545 οὐ
1003 1475 1308 1566 πταρμὸν
1361 1473 1524 1545 οὐδὲ
1581 1474 1839 1564 φωνήν.
1903 1480 1967 1543 εί
2008 1474 2101 1564 μὴ
2154 1473 2461 1564 πταρμὸν
2514 1473 2687 1563 μηδὲ
2741 1483 2909 1563 κλῃ-

593 1582 782 1652 δόνα.
873 1583 943 1652 O.
1002 1587 1115 1651 21:
1175 1581 1512 1672 κλῃδόνας
1583 1578 1629 1670 ἢ
1690 1579 2031 1670 πταρμοὺς
2102 1579 2147 1670 ἦ
2203 1609 2269 1650 τι
2331 1585 2647 1650 τοιοῦτον
2712 1579 2908 1648 ἄλλο.

595 1691 828 1758 Cetera
860 1693 1140 1758 fortasse
1187 1692 1280 1758 sic
1327 1690 1710 1777 supplenda:
1758 1687 2102 1777 σύμβολον
2148 1687 2419 1777 [μικρόν
2460 1689 2567 1756 vel
2610 1685 2911 1766 ἀσθενές

593 1797 731 1864 ἐστι
775 1791 936 1863 καθ’
989 1794 1212 1884 ἑαυτό]
1261 1794 1372 1862 καὶ
1415 1797 1679 1880 κοῦφον
1724 1800 1859 1862 κτλ.
2802 1875 2817 1892 .

772 1902 842 1970 O.
886 1903 968 1970 15
1005 1901 1094 1990 (p.
1123 1903 1256 1970 585
1265 1903 1362 1990 a):
1404 1898 1691 1988 ἄσκησιν
1726 1901 1802 1969 δὲ
1836 1901 1949 1970 καὶ
1984 1901 2262 1989 μελέτην
2300 1900 2463 1990 μετὰ
2498 1903 2906 1990 ἐμρατείας,

595 2005 718 2096 οὐχ
762 2001 954 2098 ᾗπερ
1001 2013 1098 2075 ἔτι
1141 2010 1272 2076 νῦν
1318 2007 1801 2095 ἐφείλκυσθε
1842 2007 2087 2089 πάντες
2122 2006 2313 2097 ὑμεῖς
2347 2017 2482 2078 κτλ.
2554 2011 2907 2098 Wyttenb.

593 2119 894 2184 coniecit:
923 2115 1202 2201 μελέτην
1231 2115 1613 2204 ἐγκρατείας
1640 2111 1764 2201 οὐχ
1790 2112 2001 2202 ἥνπερ
2038 2120 2134 2184 ἔτι
2160 2118 2293 2184 νῦν
2324 2117 2908 2184 ἐπιδείκνυσθε

595 2225 726 2307 (vel
755 2227 906 2310 ἔφη,
943 2221 1338 2309 δείκνυσθε)
1372 2219 1615 2301 πάντες
1650 2219 1857 2308 ὑμεῖς.
1922 2223 1991 2290 Ο.
2019 2223 2088 2288 F.
2117 2224 2455 2290 Hermann
2482 2247 2603 2312 pro
2642 2224 2907 2309 ἐφείλ-

594 2337 843 2397 κυσθε
887 2332 1254 2416 proposuit:
1301 2333 1454 2416 ἔφη,
1501 2326 1836 2396 ἆσκετσθε.
1922 2331 2174 2418 Patzig:
2222 2333 2372 2417 ἔφη,
2417 2328 2775 2398 δάκνεσθε.
2820 2367 2901 2380 --

595 2438 686 2503 Et
731 2439 1090 2503 sententiae
1127 2441 1194 2504 et
1235 2438 1498 2503 lectioni
1534 2437 1815 2502 traditae
1853 2438 2125 2523 propius
2160 2439 2437 2504 accedit:
2486 2435 2610 2524 οὐχ
2652 2427 2905 2524 ἧσπερ

599 2547 694 2611 ἔτι
741 2544 872 2611 νῦν
918 2542 1402 2630 ἐφικνεῖσθε.
1485 2542 1777 2609 Verbum
1832 2544 2332 2611 usitatissimum
2378 2549 2446 2611 et
2500 2546 2907 2612 constructio

597 2674 741 2718 cum
797 2652 1129 2737 genetivo,
1191 2650 1272 2716 cf.
1326 2672 1388 2735 p.
1435 2651 1522 2716 53
1551 2650 1622 2716 d:
1675 2652 1812 2717 τῶν
1864 2652 2091 2717 καλῶν
2144 2650 2571 2736 ἐφικνεῖσθαι
2632 2648 2725 2739 μὴ
2784 2654 2909 2718 δυ-

596 2754 896 2843 νάμενοι.
967 2756 1070 2821 De
1106 2758 1484 2823 confusione
1521 2758 1600 2823 cf.
1640 2756 1781 2823 Cat.
1826 2759 1977 2825 mai.
2024 2780 2079 2824 c.
2116 2760 2230 2824 27:
2284 2756 2903 2844 σννεφελκόμενοντ

597 2860 1152 2949 συνεφικόμενον.

775 2970 846 3037 C.
899 2972 975 3036 17
1025 2968 1114 3055 (p.
1151 2970 1282 3037 586
1311 2968 1405 3058 c):
1453 2969 1786 3057 ἐκπέμψας
1832 2970 2027 3039 ἱππέα
2064 2966 2234 3057 πρὸς
2275 2969 2436 3050 τοὺς
2472 2967 2731 3058 ἄνδρας
2767 2968 2904 3058 ἤδη

595 3071 758 3143 καθ’
809 3070 977 3142 ὁδὸν
1021 3070 1225 3153 ὄντας
1267 3070 1715 3163 ἀναστρέφειν
1758 3074 2076 3156 κελεύσας
2128 3077 2240 3144 καὶ
2294 3074 2385 3165 μὴ
2438 3091 2905 3146 κατατεῖναι

599 3178 894 3269 σήμερον
945 3188 1082 3249 κτλ.
1162 3182 1448 3250 Oobetus
1504 3182 2018 3270 wyttenbachio
2081 3188 2387 3252 monente
2440 3188 2719 3273 corrigit
2770 3212 2905 3253 κα-

596 3287 820 3356 τιένα
832 3315 884 3375 ι,
939 3290 1111 3376 quod
1164 3291 1596 3357 necessarium
1652 3314 1791 3359 esse
1846 3312 2031 3380 nego.
2122 3292 2412 3359 Verbum
2476 3295 2653 3359 enim
2708 3318 2907 3361 κατα-

598 3398 848 3463 τείνειν
903 3397 1320 3463 intransitive
1375 3401 1730 3482 usurpatur
1774 3400 1928 3465 alibi
1988 3421 2271 3485 quoque,
2334 3402 2409 3465 ut
2462 3400 2640 3465 infra
2686 3424 2742 3467 c.
2790 3402 2908 3467 28:

598 3502 898 3570 ἐνταῦθα
952 3497 1082 3588 γὰρ
1135 3506 1230 3582 είς
1277 3501 1356 3571 τὸ
1411 3506 1627 3571 νοοῦν
1672 3506 1751 3570 αἰ
1796 3507 1935 3571 τῶν
1977 3507 2224 3582 παθῶν
2267 3504 2379 3571 καὶ
2426 3505 2661 3592 ὁρμῶν
2706 3532 2906 3574 κατα-

597 3609 938 3676 τείνουσιν
983 3604 1199 3696 ἆρχαί.
1261 3634 1324 3696 p.
1371 3612 1502 3677 393
1521 3633 1581 3676 e:
1628 3615 2132 3689 κατατείνοντος
2172 3614 2267 3690 είς
2310 3614 2457 3698 γῆν
2484 3611 2599 3677 καὶ
2643 3612 2909 3702 θάλασ-

601 3732 748 3781 σαν.
835 3716 1007 3781 1055
1036 3738 1100 3780 a:
1161 3719 1588 3785 κατατείνειν.
1656 3716 2093 3801 Contrarium
2147 3712 2606 3785 ἄνατείνειν
2660 3702 2909 3807 legitur

597 3845 661 3907 p.
708 3822 837 3888 591
869 3842 920 3886 c.
1003 3818 1101 3887 Of.
1147 3821 1322 3888 infra
1364 3845 1416 3888 c.
1468 3824 1582 3890 18:
1626 3822 2016 3890 συνέτεινον
2052 3821 2411 3912 (contendi)
2456 3821 2740 3910 εὐθύς,
2789 3828 2906 3892 ubi

599 3927 1053 4015 corrigendum
1099 3922 1288 3993 εὐθύ.
1327 3964 1413 3977 --
1457 3928 1558 3994 De
1603 3930 1839 3995 lacuna
1882 3950 1933 3994 c.
1980 3930 2068 3995 20
2113 3930 2248 3996 dixi
2291 3931 2361 3995 in
2407 3928 2646 3997 Coriol.
2696 3956 2748 3999 c.
2798 3935 2907 4001 38.

777 4033 846 4101 O.
900 4036 980 4100 19
1027 4038 1197 4099 extr:
1242 4031 1490 4120 Χάρων
1538 4033 1615 4101 δὲ
1656 4036 1774 4120 τῆς
1818 4037 2033 4113 οἰκίας
2050 4036 2103 4101 *.
2184 4036 2486 4102 Lacunae
2542 4039 2740 4125 signa
2796 4042 2909 4106 de-

597 4142 815 4226 lenda;
878 4142 1265 4207 subauditur
1327 4142 1500 4207 enim
1563 4138 2140 4227 ἐπιμελησόμενος.
2230 4142 2545 4210 Similiter
2604 4149 2673 4211 et
2742 4148 2909 4213 alibi

600 4252 668 4313 et
727 4269 782 4314 c.
839 4249 919 4315 18
979 4252 1132 4333 post
1193 4242 1536 4324 ἅπαντες
1601 4250 1861 4332 praeter
1920 4248 2373 4315 necessitatem
2446 4252 2685 4317 lacuna
2749 4258 2909 4319 ante

597 4354 748 4440 th.
794 4353 1166 4419 notabatur.

781 4457 853 4524 O.
905 4460 994 4524 20
1051 4456 1146 4544 (p.
1191 4459 1321 4525 588
1351 4457 1443 4545 f):
1497 4458 1761 4542 τροχῶν
1814 4494 1900 4505 -
1956 4452 2265 4545 ὁμαλῶς
2324 4464 2907 4550 περιφερομένων.
