3200 5175
301 529 502 599 τόνδε
547 528 670 598 τὸν
715 531 910 614 νοῦν,
957 525 1052 595 Τὰ
1100 529 1313 594 πολλὰ
1360 531 1497 594 τῶν
1541 532 1754 594 θείων
1801 525 2147 612 διαφεύγει
2186 526 2310 611 τὴν
2348 529 2601 612 γνῶσιν

302 635 525 724 ἡμῶν,
584 634 696 703 διὰ
743 633 818 702 τὸ
866 635 1122 721 μηδένα
1167 631 1346 721 παρὰ
1388 637 1574 702 θεῶν
1621 631 1808 720 ἥκειν
1852 631 2018 719 πρὸς
2063 629 2263 719 ἡμᾶς,
2309 631 2464 720 παρ’
2518 624 2608 700 οὗ

305 752 406 830 εἴη
468 743 816 810 πυθέσθαι
877 741 990 808 καὶ
1051 736 1334 807 ἀκοῦσαι
1394 737 1572 818 ὅπως
1628 743 1767 824 ἔχοι
1821 735 1901 804 τὰ
1954 741 2092 805 τῶν
2145 743 2347 806 θεῶν.
2437 741 2600 806 Mihi

300 853 558 917 videtur
629 851 944 915 librorum
1009 850 1199 915 lectio
1267 850 1358 912 ita
1420 849 1854 933 intellegenda
1918 869 2084 912 esse:
2158 853 2423 932 propter
2485 871 2600 913 no-

307 963 511 1022 stram
579 958 1093 1022 incredulitatem
1148 957 1488 1041 pleraeque
1544 977 1761 1019 rerum
1818 955 2181 1020 divinarum
2229 956 2599 1040 incognitae

227 1127 237 1138 ,
308 1065 774 1148 relinquuntur,
819 1064 860 1129 i.
905 1085 956 1126 e.
1002 1063 1296 1126 homines
1345 1083 1452 1127 eas
1499 1085 1603 1126 res
1652 1085 1796 1127 cum
1842 1084 1975 1126 non
2022 1063 2307 1147 credant,
2355 1067 2496 1127 tum
2534 1067 2601 1126 et

310 1175 728 1236 contemnunt
772 1174 838 1234 et
881 1170 1263 1255 neglegunt,
1319 1170 1487 1234 unde
1532 1169 1634 1253 fit,
1690 1174 1765 1234 ut
1809 1170 1877 1233 in
1923 1170 2337 1254 ignoratione
2384 1191 2594 1234 rerum

308 1278 672 1341 divinarum
723 1276 1006 1340 maxima
1053 1279 1404 1340 versentur.
1495 1274 1801 1340 Fortasse
1850 1275 2059 1340 simile
2106 1275 2259 1359 quid
2302 1276 2599 1341 Amiotus

303 1404 556 1467 quoque
604 1381 1026 1446 intellexerat.
1108 1381 1188 1446 In
1232 1383 1446 1448 verbis
1493 1383 1570 1446 de
1620 1383 1855 1466 quibus
1894 1383 2113 1465 agitur
2150 1404 2293 1447 eum
2332 1404 2593 1448 sensum

300 1490 512 1553 inesse
559 1491 882 1572 oportere,
939 1489 1082 1572 ipse
1127 1484 1512 1554 Plutarchus
1559 1490 1629 1553 in
1678 1486 1906 1554 Camil.
1954 1489 1995 1552 6
2044 1488 2316 1572 docebit,
2361 1490 2474 1553 ubi
2521 1490 2598 1553 de

301 1596 495 1660 rebus
550 1596 778 1659 iisdem
834 1595 1209 1680 diligentius
1268 1600 1334 1659 et
1390 1596 1715 1679 copiosius
1764 1597 1855 1660 sic
1901 1595 2212 1679 loquitur:
2261 1591 2476 1660 πολλὰ
2524 1592 2599 1660 δὲ

304 1700 413 1766 καὶ
459 1703 594 1767 τῶν
639 1698 797 1767 καθ’
849 1697 1022 1787 ἡμᾶς
1067 1697 1424 1786 ἀκηκοότες
1467 1697 1855 1786 ἀνθρώπων
1903 1699 2121 1784 λέγειν
2172 1705 2408 1786 ἔχομεν
2446 1698 2597 1780 ἄξια

306 1805 676 1893 θαύματος,
731 1800 828 1876 ῶν
888 1805 1010 1876 οὐκ
1066 1802 1153 1874 ἂν
1210 1833 1309 1885 τις
1354 1809 1494 1894 είκῇ
1542 1803 2134 1894 καταφρονήσειεν.
2220 1801 2415 1872 Ἀλλὰ
2460 1821 2601 1887 τοῖς

301 1912 634 1993 τοιούτοις
687 1915 797 1981 καὶ
853 1913 929 1983 τὸ
989 1911 1398 1980 πιστεύειν
1445 1912 1711 1999 σφόδρα
1758 1913 1868 1980 καὶ
1912 1912 1988 1980 τὸ
2034 1917 2189 1980 λίαν
2234 1911 2599 1982 ἀπιστεῖν

303 2019 658 2105 ἐπισφαλές
694 2020 830 2088 ἐστι
862 2018 973 2086 διὰ
1010 2018 1133 2105 τὴν
1171 2015 1620 2106 ἀνθρωπίνην
1658 2015 2022 2087 ἀσθένειαν
2062 2017 2227 2105 ὅρον
2258 2017 2381 2088 οὐκ
2418 2025 2599 2107 ἔχου-

304 2146 432 2194 σαν
499 2121 660 2193 οὐδὲ
722 2127 1101 2213 κρατοῦσαν
1168 2123 1401 2212 αὑτῆς,
1467 2121 1614 2192 ἀλλ’
1682 2126 2137 2214 ἐκφερομένην
2201 2124 2403 2194 ὅπου
2455 2125 2598 2214 μὲν

303 2235 370 2319 (i.
419 2258 471 2300 e.
526 2230 704 2319 παρὰ
759 2246 899 2311 τοῖς
944 2230 1211 2318 σφόδρα
1256 2231 1714 2322 πιστεύουσιν)
1762 2237 1856 2312 είς
1904 2237 2439 2320 δεισιδαιμονίαν
2486 2236 2596 2301 καὶ

302 2344 553 2424 τῦφον,
618 2337 658 2406 ὅ
669 2364 820 2408 που
876 2336 939 2406 δ’
1002 2340 1068 2427 (i.
1123 2364 1176 2406 e.
1231 2337 1408 2425 παρὰ
1461 2354 1602 2418 τοῖς
1646 2345 1801 2407 λίαν
1846 2336 2274 2426 ἀπιστοῦσιν)
2323 2345 2417 2420 εἰς
2462 2338 2597 2408 ὀλι-

303 2453 560 2534 γωρίαν
619 2450 757 2515 τῶν
813 2452 1027 2515 θείων
1079 2447 1190 2513 καὶ
1245 2444 1753 2533 περιφρόνησιν.
1844 2446 1941 2513 Of.
1995 2447 2279 2513 Marcell.
2335 2450 2450 2513 20:
2510 2444 2600 2526 ῶς

303 2553 604 2623 ἀπιστῶν
650 2554 759 2622 καὶ
807 2557 1269 2641 καταφρονῶν.
1363 2557 1544 2624 Alex.
1593 2557 1706 2621 75:
1772 2550 2040 2621 ἀπιστία
2094 2551 2263 2642 πρὸς
2316 2551 2396 2621 τὰ
2440 2558 2597 2622 θεῖα

303 2663 413 2729 καὶ
459 2660 956 2748 καταφρόνησις
1001 2658 1239 2729 αὐτῶν.
1312 2664 1404 2728 Et
1441 2686 1681 2748 revera,
1730 2669 1889 2748 quot
1934 2665 2139 2729 adhuc
2186 2687 2288 2729 res
2327 2670 2594 2750 propter

305 2773 640 2837 hominum
685 2772 1229 2854 incredulitatem,
1288 2771 1797 2857 neglegentiam,
1845 2775 2287 2856 contemptum
2332 2773 2598 2857 ignotae

306 2883 372 2942 et
415 2879 872 2962 inexploratae,
919 2883 991 2942 ut
1036 2878 1131 2943 ita
1177 2879 1405 2962 dicam,
1452 2879 1687 2942 iacent!

488 2983 968 3050 Timoleontis
1003 2985 1064 3049 l:
1117 2986 1267 3067 φεῦ,
1306 2984 1437 3068 φεῦ
1473 2986 1544 3048 τί
1571 2979 1817 3049 τούτου
1853 2980 2070 3069 χάρμα
2107 2988 2330 3069 μεῖζον
2366 2979 2452 3049 div
2490 2982 2601 3050 λά-

303 3094 452 3174 βοις
494 3086 662 3176 πρὸς
708 3086 1180 3175 ἐπανόρθωσιν
1227 3086 1422 3173 ἠθῶν
1470 3087 1923 3176 ἐνεργότερον.
1995 3092 2100 3158 Ita
2144 3091 2324 3158 codd.
2370 3089 2599 3154 Sohae-

305 3198 477 3262 ferus
545 3198 622 3262 de
679 3220 794 3263 suo
853 3199 1098 3263 addidit
1150 3196 1258 3263 καὶ
1317 3196 1474 3262 ante
1523 3195 1721 3282 πρός,
1784 3200 1963 3263 c'i'iius
2014 3201 2332 3264 rationem
2380 3201 2446 3261 et
2492 3196 2600 3260 alii

305 3305 748 3387 probaverunt
793 3310 860 3370 et
910 3304 1313 3370 SintenisiuS.
1369 3305 1700 3371 Bekkerus
1758 3308 2014 3392 scripsit
2066 3300 2107 3391 ἢ
2168 3304 2351 3391 πρός.
2436 3306 2599 3370 Mihi

304 3411 706 3494 probabilius
773 3412 1030 3476 videtur
1094 3411 1221 3500 (τί)
1287 3409 1469 3498 πρός.
1562 3413 1947 3497 Asyndeton
2004 3416 2175 3479 enim
2231 3436 2365 3478 non
2412 3412 2599 3476 facile

306 3517 369 3581 h.
416 3518 456 3582 l.
504 3518 883 3582 defenditur.

493 3662 566 3671 —-
625 3626 732 3688 16:
778 3636 919 3701 τοῖς
964 3626 1350 3708 περιεστῶσι
1397 3620 1517 3691 τὸν
1565 3621 1798 3709 βωμὸν
1843 3620 2325 3711 ἀναμιχθέντες
2372 3625 2487 3713 (se.
2536 3626 2609 3692 οί

308 3728 707 3818 δολοφόνοι)
749 3730 1139 3817 ἐγγυτέρω
1178 3728 1341 3799 κατὰ
1380 3728 1622 3817 μικρὸν
1662 3731 2143 3817 ἐπεχείρουν.
2216 3734 2387 3798 Male
2423 3732 2599 3798 Mad-

306 3839 518 3922 vigius
558 3839 833 3903 correxit
870 3835 1248 3924 ἐπεχῶρουν
1286 3863 1402 3923 pro
1442 3838 1843 3925 ἐπεχείρουν.
1916 3840 2163 3906 Eadem
2200 3842 2372 3907 enim
2404 3842 2598 3906 verba

307 3947 402 4009 ita
465 3946 810 4012 coniuncta
876 3947 1028 4011 alibi
1089 3968 1341 4031 quoque
1398 3952 1760 4031 occurrunt,
1826 3948 1903 4012 cf.
1959 3947 2211 4031 Philop.
2269 3950 2337 4011 6:
2406 3943 2599 4030 ἐγγὺς
2668 3928 2687 3943 “

307 4050 676 4137 ἐπιχειρεῖν.
767 4053 994 4136 Pyrrh.
1045 4061 1101 4117 2.
1149 4053 1425 4137 Lysand.
1472 4054 1532 4118 9.
2518 4052 2522 4055 ⁴

489 4196 564 4205 —
617 4159 704 4222 30
769 4179 979 4223 sermo
1047 4164 1147 4224 est
1210 4161 1287 4223 de
1353 4160 1669 4224 militibus
1728 4161 2111 4244 quibusdam
2174 4161 2596 4226 Timoleontis

307 4266 640 4349 sacrilegis
703 4267 814 4350 qui
881 4260 1044 4341 ὅσας
1089 4263 1212 4349 μὲν
1260 4266 1488 4353 ἐκείνῳ
1537 4270 2086 4349 συνηγωνίσαντο
2134 4266 2342 4350 μάχας
2385 4264 2600 4345 πάσας

305 4372 572 4453 ἐνίκων,
615 4372 753 4437 τῶν
799 4370 874 4437 δὲ
917 4375 1245 4437 πλείστων
1290 4410 1364 4421 -
1407 4367 1693 4455 ἆγῶνων
1738 4371 1923 4448 τέλος
1970 4370 2258 4457 ἐχόντων
2300 4410 2383 4420 —-
2422 4368 2599 4440 ἀπῶ-

305 4484 506 4543 λοντο
544 4476 653 4543 καὶ
690 4475 1267 4562 καταναλώθησαν
1305 4473 1428 4563 οὐχ
1466 4473 1638 4563 ὁμοῦ
1674 4475 1933 4562 πάντες,
1971 4475 2137 4544 ἀλλὰ
2174 4476 2339 4545 κατὰ
2376 4481 2598 4567 μέρος,
