3200 5175
1267 315 1751 380 —125—

361 466 620 577 ΛΗΝην
665 490 1014 578 ἐκπέμψαι]
1062 490 1174 558 καῖ
1219 492 1803 570 ΛΛΥΤΙΛΗΝαίους
1858 491 2201 561 ἐκδιδόναι
2246 494 2660 583 παρασκευά-

365 603 616 677 ζεσθαι.
663 602 743 665 cf.
789 600 1028 666 Herod.
1072 600 1124 685 I,
1175 601 1319 666 157.
1371 602 1512 667 160.

547 707 618 773 O.
666 709 748 773 27
810 706 900 795 (p.
948 709 1076 774 862
1107 706 1169 794 e)
1237 708 1443 774 adhuc
1498 709 1709 774 editur
1760 710 1973 776 forma
2028 712 2263 776 vitiosa
2326 707 2662 798 Φαλήρων

361 839 483 900 pro
536 812 878 901 Φαλήρου,
923 838 1085 901 quae
1133 816 1326 881 etiam
1379 817 1516 881 sine
1563 816 1882 882 Herodoti
1930 815 2020 904 (6,
2068 817 2225 904 116)
2276 821 2659 885 auctoritate

363 923 556 988 facile
603 923 839 1009 corrigi
884 926 1158 1007 poterat.

550 1027 620 1095 O.
667 1030 747 1095 31
800 1026 891 1117 (p.
940 1030 1070 1096 865
1099 1028 1194 1116 e):
1246 1028 1357 1095 καὶ
1412 1030 1611 1096 τοῦτο
1666 1026 2066 1119 ἀνῄρηκεν
2120 1027 2155 1097 ὁ
2215 1031 2660 1119 συγγραφεύς,

369 1130 470 1214 οἷς
512 1135 661 1222 περὶ
705 1137 824 1221 τῆς
867 1141 1247 1223 φιλοτιμίας
1299 1138 1422 1203 τοῦ
1469 1140 1824 1204 Λεωνίδου
1877 1135 2044 1204 κατὰ
2103 1138 2284 1218 λέξιν
2312 1138 2368 1206 *.
2449 1139 2659 1225 Wytt.

366 1246 666 1310 lacunam
733 1246 1014 1329 explevit
1082 1246 1282 1311 verbo
1345 1241 1651 1330 γράφει.
1754 1246 2163 1311 Probabilius
2230 1252 2331 1312 est
2392 1254 2661 1334 εἴρηκε

369 1374 518 1418 cum
561 1352 731 1437 Xyl„
777 1353 948 1438 quod
994 1359 1263 1438 propter
1307 1354 1517 1418 simile
1566 1348 1909 1440 ἀνῄρηκε
1954 1354 2241 1421 excidere
2288 1358 2561 1440 poterat.

546 1459 615 1525 O.
671 1460 757 1525 33
816 1457 904 1545 (p.
953 1461 1081 1526 866
1112 1457 1176 1546 e)
1238 1482 1381 1525 cum
1446 1459 1685 1526 Herod.
1751 1463 1817 1546 7,
1876 1462 2007 1527 233
2068 1461 2503 1526 scribendum:
2568 1464 2663 1539 εἰς

361 1563 797 1653 Θερμοπύλας
842 1561 1258 1633 ἀπικοίατο
1308 1565 1455 1654 (pro
1503 1561 1867 1654 ἀπικέατο).

541 1673 610 1741 O.
659 1675 745 1741 35
791 1673 881 1760 (p.
931 1673 1146 1760 868b)
1193 1676 1377 1741 scrib.
1424 1679 1613 1760 puto:
1658 1669 1749 1752 ὥς
1795 1673 1939 1760 ἐμοὶ
1989 1677 2258 1742 δοκεῖν
2307 1674 2480 1763 (cum
2527 1675 2657 1741 He-

361 1784 500 1849 rod.
547 1784 606 1867 8,
653 1783 741 1848 30
787 1805 904 1867 pro
954 1784 1190 1865 δοκεῖ),
1237 1780 1547 1868 ἐμήδιζον
1595 1774 1682 1848 ἂν
1729 1782 1799 1848 oc
1843 1786 2114 1860 Φωκεῖς.

543 1888 613 1956 O.
650 1891 736 1955 36
775 1889 864 1977 (p.
892 1891 1021 1957 869
1042 1888 1146 1977 b):
1183 1892 1256 1956 οί
1285 1887 1409 1976 μὲν
1445 1886 1573 1974 γὰρ
1616 1888 1893 1983 Ναξίων
1941 1884 2331 1977 ὡρογράφοι
2369 1890 2659 1976 λέγουσι,

361 1997 472 2064 καὶ
528 1994 857 2083 πρότερον
913 1993 1324 2081 Μεγαβάτην
1385 1992 1788 2063 ἀπώσασθαι
1843 1997 2044 2063 ναυσὶ
2102 2000 2473 2075 διακοσίαις
2527 1998 2660 2064 ἑπι-

362 2103 741 2171 πλεύσαντα
776 2105 856 2191 τῇ
893 2100 1098 2193 νήσῳ,
1135 2102 1244 2169 καὶ
1285 2105 1503 2170 Δᾶτιν
1550 2094 1753 2182 αὖθις
1786 2102 1910 2171 τὸν
1953 2103 2321 2192 στρατηγὸν
2361 2104 2659 2187 ἐξελάσαι

365 2208 971 2296 καταπρήσαντα
1016 2212 1345 2295 ποιῆσαι
1391 2208 1655 2276 κακόν.
1739 2211 1989 2277 Ultima
2026 2213 2187 2279 haec
2223 2215 2421 2280 verba
2459 2238 2659 2301 quan-

364 2322 469 2385 tas
530 2319 758 2384 turbas
793 2318 1063 2384 'criticis
1128 2318 1448 2403 dederint,
1515 2340 1591 2383 ex
1639 2340 1859 2384 eorum
1920 2320 2305 2386 coniecturis
2372 2326 2660 2407 apparet.

365 2426 666 2491 Reiskius
712 2426 925 2491 locum
973 2448 1040 2490 se
1085 2448 1219 2490 non
1257 2426 1554 2511 expedire
1599 2424 1862 2491 fatetur.
1948 2426 2223 2492 Turneb.
2262 2432 2329 2492 et
2362 2427 2441 2494 V.
2478 2451 2661 2513 prae-

364 2534 548 2600 bent:
612 2529 1124 2621 καταπρήσαντα
1189 2529 1414 2611 πόλεις
1477 2529 1747 2618 ἑκατόν,
1812 2525 1853 2618 ἢ
1917 2522 2147 2600 πόλιν
2181 2532 2493 2618 Ναξίων,
2556 2537 2660 2601 vel

365 2637 619 2725 αὐτῶν,
678 2642 791 2708 ubi
821 2664 959 2726 ,pro
1025 2640 1293 2718 πόλεις
1361 2639 1566 2725 Wytt.
1624 2641 2013 2725 suspicatur:
2070 2637 2389 2720 ἐπαύλεις.
2475 2642 2657 2709 Idem

357 2749 644 2834 ,coniecit
696 2745 1240 2815 καταπλεύσαντα
1293 2746 1496 2813 ναυσὶ
1553 2743 1809 2813 ἑκατόν.
1902 2746 2372 2817 Herwerdenus
2425 2773 2658 2836 propo-

367 2858 523 2923 suit:
569 2852 1080 2942 καταπρήσαντα
1137 2851 1214 2922 τὸ
1269 2849 1651 2920 ὖπάστειον.
1736 2852 2019 2920 Cobetus
2077 2855 2512 2924 ‘manifestam
2568 2860 2659 2924 la-

367 2986 598 3030 cunam
655 2964 726 3028 in
776 2964 952 3028 hunc
1013 2963 1216 3028 ferme
1274 2945 1562 3027 modum⁵
1630 2962 1853 3027 sarciri
1917 2963 2085 3028 vult:
2148 2961 2659 3049 καταπρήσαντα

369 3073 521 3161 (μὲν
571 3070 697 3160 τὴν
749 3070 978 3156 πόλιν,
1034 3069 1197 3139 ἄλλο
1255 3066 1318 3138 δ’
1380 3063 1582 3138 οὐδὲν
1641 3070 2052 3160 δυνηθέντα)
2106 3073 2380 3158 ποιῆσαι
2435 3069 2659 3139 κακόν.

369 3183 557 3250 Solus
603 3182 808 3269 Wytt.
856 3183 1244 3248 sententiam
1289 3181 1637 3267 perspexit,
1690 3182 1889 3246 ceteri
1944 3182 2425 3247 aberraverunt.
2506 3179 2661 3246 Non

369 3297 468 3358 est
523 3293 693 3357 enim
750 3313 863 3356 cur
925 3291 1262 3358 insulanos
1317 3289 1566 3355 Naxios
1625 3288 1957 3354 credamus
2022 3288 2211 3353 initio
2276 3288 2369 3352 ita
2439 3289 2659 3353 debili-

373 3404 543 3466 tatos
601 3403 668 3466 et
722 3401 1051 3466 confectos
1105 3399 1335 3484 fuisse,
1399 3402 1472 3461 ut
1527 3417 1712 3460 suam
1769 3395 1996 3460 urbem
2050 3394 2345 3458 relictam
2408 3395 2663 3460 incendi

369 3513 764 3595 paterentur;
826 3507 1052 3573 deinde
1101 3506 1315 3571 subito
1372 3503 1590 3569 nescio
1637 3503 1808 3568 unde
1862 3501 2107 3566 viribus
2164 3504 2228 3564 et
2290 3502 2490 3585 copiis
2536 3503 2661 3568 col-

367 3616 552 3681 lectis
607 3613 835 3681 Datim
900 3614 1206 3698 repellere
1261 3611 1568 3697 potuisse.
1661 3609 1752 3675 Et
1815 3609 2129 3674 orationis
2193 3611 2527 3673 contextus
2594 3614 2662 3675 et

371 3723 564 3789 lectio
609 3718 1124 3808 καταπρήσαντα
1170 3719 1357 3786 facile
1412 3719 1494 3784 ad
1553 3711 2203 3782 καταπλεύσαντα
2261 3717 2518 3781 ducunt.
2583 3717 2662 3780 cf.

371 3833 590 3896 annot.
638 3852 719 3896 m.
766 3831 837 3894 in
881 3852 943 3914 p.
981 3829 1068 3894 44
1098 3829 1160 3893 b.
1243 3827 1410 3893 Item
1448 3825 1772 3892 sententia
1807 3823 2077 3908 requirit
2121 3821 2367 3888 ναυσὶν
2408 3819 2661 3888 ἑκατόν.

370 3937 463 4003 At
514 3942 736 4003 tamen
781 3936 1075 4022 intellegi
1128 3958 1260 4000 non
1311 3937 1555 4019 potest,
1612 3931 1935 4018 quomodo
1997 3928 2241 3996 ναυσὶν
2302 3923 2537 3993 ἑκατόν
2593 3929 2664 3993 in

369 4045 643 4129 ποιῆσαι
689 4040 899 4110 κακόν
945 4044 1364 4127 depravatum
1416 4041 1629 4105 fuerit.
1710 4038 1924 4104 Facile
1972 4036 2413 4120 intellegatur,
2467 4036 2660 4100 modo

369 4157 445 4216 ut
488 4174 618 4216 una
661 4152 920 4217 literula
965 4151 1212 4214 inserta
1259 4153 1324 4212 et
1369 4147 1643 4232 syllabis
1690 4146 1920 4209 melius
1976 4141 2327 4209 distinctis
2356 4140 2663 4208 scribamz

369 4255 664 4346 π(λ)οίης
717 4252 1026 4339 αίκακόν,
1082 4257 1123 4320 i.
1170 4278 1223 4320 e.
1275 4256 1534 4330 πλοίοις
1590 4248 1846 4318 ἑκατόν.
1928 4248 2329 4316 Nunc.vera
2383 4248 2660 4313 lectione

371 4368 628 4449 reperta
704 4367 920 4429 cetera
993 4384 1246 4448 quoque
1315 4359 1762 4445 expediuntur.
1863 4356 2246 4422 Plutarchus
2320 4355 2661 4420 verborum

372 4471 706 4538 varietatis
768 4474 843 4536 ut
910 4471 1022 4556 qui
1082 4469 1359 4534 maxime
1424 4467 1754 4533 studiosus
1816 4468 1966 4530 ante
2023 4463 2185 4528 dixit
2238 4456 2663 4547 ἀπώσασθαι,
