3200 5175
1235 334 1678 400 ...49-

311 508 440 581 ούκ
484 510 834 599 ἐχούσαις
877 510 1026 598 (pro
1073 509 1438 600 ἐχούσης)
1483 517 1620 578 κτλ.
1696 511 1880 589 Quod
1926 513 1995 576 in
2032 511 2237 577 altero
2274 512 2418 578 loco
2454 532 2610 578 voce

309 615 702 686 ἀκολάστων
759 622 1099 706 expressit,
1157 620 1222 687 h.
1266 621 1307 687 l.
1353 615 1607 705 ἡδονῆς
1648 615 1857 706 κόρον
1902 613 2027 684 οὐκ
2072 614 2409 703 ἐχούσαις,
2467 620 2509 684 i.
2554 641 2607 684 e.

309 721 729 811 ἀκολάστοις,
775 729 1043 813 propter
1086 726 1432 811 insequens
1478 719 1982 791 ἀκολασταίνων
2030 725 2209 791 dixit.

495 833 570 900 c,
613 835 655 899 3
713 831 804 920 (p.
849 833 938 898 94
965 833 1032 918 a)
1098 807 1711 919 interpungendum*
1739 830 1913 896 hunc
1966 830 2037 894 in
2090 831 2386 897 modum:
2450 847 2609 917 συμ-

310 939 578 1018 πιόντες
631 936 802 1020 ἅπαξ
853 933 896 1024 ἢ
955 941 1516 1025 συσφαιρίσαντες
1567 931 1611 1023 ἢ
1659 932 2232 1022 συγκυβεύσαντες
2274 931 2317 1022 ἢ
2364 954 2610 1024 συγκα-

312 1044 736 1130 ταλύσαντες,
783 1045 854 1112 ἐκ
897 1047 1303 1112 πανδοκείου
1346 1043 1459 1111 καὶ
1494 1047 1904 1130 παλαίστρας
1936 1042 2049 1110 καὶ
2086 1038 2337 1130 ἀγορᾶς
2372 1049 2611 1131 φιλίαν

319 1151 775 1238 συλλέγουσιν.
872 1151 1091 1218 Verba
1153 1153 1326 1217 enim
1402 1150 1474 1218 ἐκ
1529 1153 1939 1218 πανδοκείου
2002 1173 2150 1218 oum
2213 1151 2610 1238 συλλέγουσι

304 1260 642 1345 jungenda
701 1260 879 1344 sunt,
938 1261 1014 1323 ut
1072 1258 1156 1324 ad
1212 1254 1831 1342 συγκαταλύσαντες
1885 1259 2268 1325 referantur.
2357 1258 2609 1325 Eodem

308 1366 503 1433 modo
567 1368 972 1452 παλαίστρας
1039 1364 1153 1431 καὶ
1213 1360 1464 1452 ἀγορᾶς
1522 1365 1607 1432 ad
1661 1361 2063 1452 συμπιόντες
2113 1403 2186 1414 -
2248 1362 2609 1450 συγκυβεύ-

309 1490 546 1550 σαντες
591 1475 904 1558 spectant.

491 1577 648 1665 Cap.
693 1580 736 1645 6
783 1577 872 1665 (p.
919 1579 1008 1645 95
1035 1576 1129 1666 e):
1184 1574 1407 1662 ὥσπερ
1455 1568 1582 1646 οὖν
1628 1574 1665 1644 ὁ
1712 1576 2055 1666 Βριάρεως
2100 1574 2337 1645 ἑκατὸν
2381 1575 2609 1664 χερσὶν

314 1688 409 1763 είς
457 1682 870 1771 πεντήκοντα
913 1685 1150 1772 φορῶν
1194 1683 1519 1769 γαστέρας
1564 1679 1770 1752 οὐδὲν
1814 1681 2006 1771 ἡμῶν
2050 1683 2256 1753 πλέον
2301 1679 2435 1770 εἶχε
2469 1685 2607 1750 τω”ν

315 1788 442 1860 ἀπὸ
500 1794 700 1860 δυοῖν
754 1801 981 1877 χεροῖν
1037 1794 1200 1878 μίαν
1251 1793 1517 1858 κοιλίαν
1562 1788 2037 1877 διοικούντων,
2094 1788 2307 1870 οὕτως
2351 1791 2427 1858 ἐν
2469 1801 2611 1868 τοῖς

310 1903 534 1985 φίλοις
597 1895 926 1985 χρήσιμον
985 1897 1099 1965 καὶ
1160 1895 1237 1965 τὸ
1295 1904 1707 1986 λειτουργεῖν
1760 1904 2035 1978 πολλοῖς
2090 1902 2306 1966 ἔνεστι
2361 1896 2474 1964 καὶ
2529 1893 2605 1963 τὸ

311 2005 742 2090 συναγωνιᾶν
769 2042 856 2053 -
884 2003 997 2070 καὶ
1040 2001 1116 2071 τὸ
1165 2002 1595 2091 συγκάμνειν.
1686 2005 1819 2073 Ubi
1863 2007 2073 2092 Wytt.
2120 2005 2603 2074 animadvertite

312 2111 668 2198 ‘corruptez
727 2133 848 2178 neo
907 2113 978 2177 in
1033 2112 1220 2178 libris
1275 2113 1574 2179 varietas.
1665 2112 1861 2180 Forte
1913 2121 2005 2203 τῷ
2049 2113 2169 2199 τῆς
2210 2112 2613 2197 πολυφιλίας

311 2221 614 2307 χρησίμῳ
685 2219 789 2285 vel
862 2216 938 2283 ἐν
1006 2219 1098 2306 τῷ
1170 2224 1442 2296 πολλοῖς
1503 2215 1929 2305 χρήσασθαιῆ
2029 2219 2397 2306 Madvigius
2462 2240 2607 2284 oum

311 2325 604 2391 Halmiot
660 2322 760 2390 εἐν
814 2325 905 2412 τῷ
961 2329 1234 2403 πολλοῖς
1288 2327 1515 2410 φίλοις
1566 2325 1863 2410 χρῆσθαι
1916 2323 2028 2390 καὶ
2072 2322 2147 2391 τὸ
2196 2331 2609 2411 λειτουργεῖν

319 2429 410 2498 κε’.
424 2479 444 2515 ,
509 2453 705 2517 quam
769 2431 1288 2498 emendationem
1351 2431 1489 2498 sine
1551 2453 1739 2498 mora
1791 2431 2162 2499 Heroherus
2214 2433 2475 2516 recepit.
2522 2467 2607 2478 —

313 2538 514 2626 Origo
583 2539 743 2605 mali
807 2537 933 2604 fuit
997 2537 1072 2606 ἐν
1133 2542 1275 2616 τοῖς
1335 2540 1592 2624 φίλοις,
1664 2537 1837 2626 quod
1900 2561 2047 2605 eum
2109 2537 2411 2605 librarius
2472 2558 2605 2603 non

314 2645 740 2715 intellexisset
798 2668 943 2713 oum
1004 2643 1141 2712 ἐστι
1195 2645 1296 2732 (in
1341 2648 1558 2712 ἔνεστι
1603 2644 2033 2733 commutato)
2078 2645 2303 2711 iunxit.
2382 2642 2608 2710 Verba

313 2756 537 2819 tamen
583 2751 659 2819 ἐν
703 2762 846 2830 τοῖς
889 2755 1113 2837 φίλοις
1157 2753 1428 2819 eandem
1471 2754 1607 2819 vim
1652 2753 1890 2819 habere
1938 2756 2133 2837 atque
2179 2749 2285 2817 ἐπὶ
2324 2751 2459 2817 των
2496 2753 2603 2835 φί-

315 2865 478 2943 λων,
524 2857 630 2925 ἑπὶ
673 2858 791 2943 τῆς
834 2860 1090 2943 φιλίαςε
1151 2881 1299 2926 cum
1343 2858 1422 2924 de
1468 2859 1717 2944 amieis,
1764 2859 1867 2925 vel
1912 2860 1990 2924 de
2036 2858 2324 2924 amicitia
2370 2858 2607 2944 agitur,

314 2969 614 3052 possunt,
677 2970 754 3032 ut
810 2966 1012 3032 totius
1070 2966 1198 3033 loci
1254 2988 1482 3032 sensus
1536 2965 1646 3032 hic
1700 2967 1811 3031 sit:
1878 2961 2099 3052 ὥσπερ
2146 2959 2182 3032 ὁ
2232 2968 2351 3051 Βρ.
2398 2959 2606 3032 οὐδὲν

315 3067 505 3158 ἡμῶν
550 3071 756 3139 πλέον
804 3068 978 3157 εἶχεν
1023 3066 1153 3140 ἀπὸ
1200 3073 1337 3140 τῶν
1382 3067 1621 3138 ἑκατὸν
1655 3073 1921 3158 χειρῶν,
1966 3067 2169 3139 οὕτω
2215 3068 2608 3159 χρήσιμόν

316 3177 496 3245 ἐστιν
541 3177 646 3244 ἐπὶ
690 3180 808 3263 τῆς
850 3182 1080 3264 φιλίας
1121 3177 1234 3245 καὶ
1278 3174 1353 3246 τὸ
1402 3184 1817 3265 λειτουργεῖν
1862 3176 1975 3261 κὲ.,
2019 3179 2061 3243 i.
2106 3200 2160 3245 e.
2208 3172 2411 3244 οὐδὲν
2457 3177 2607 3265 χρή·
2668 3190 2677 3197 ’

317 3281 517 3370 σιμόν
564 3283 746 3351 ἐστιν
791 3283 896 3351 ἐπὶ
939 3287 1057 3372 τῆς
1099 3292 1239 3371 φιλ.
1283 3283 1394 3351 καὶ
1438 3282 1514 3352 τὸ
1560 3292 1716 3352 λειτ.
1762 3290 1895 3353 κτλ.
1984 3285 2208 3351 Possis
2254 3286 2454 3351 etiam
2500 3282 2606 3350 ἐπὶ

315 3402 456 3469 τοῖς
499 3393 724 3477 φίλοις
769 3389 881 3480 (cf.
918 3416 980 3479 p.
1013 3393 1137 3459 129
1159 3393 1229 3458 d:
1276 3390 1381 3458 ἐπὶ
1424 3400 1564 3471 τοῖς
1611 3387 1986 3479 ἀλλοτρίοις
2028 3387 2494 3477 ἁμαρτήμασιν
2540 3394 2609 3455 et

314 3521 376 3584 p.
409 3500 578 3565 1113
608 3496 675 3580 a)
724 3499 829 3565 vel
875 3496 978 3565 ἐπὶ
1026 3500 1143 3584 τῆς
1177 3500 1436 3584 φιλίας;
1483 3520 1607 3586 ego
1643 3501 1865 3564 tamen
1898 3498 2060 3563 illud
2098 3495 2173 3562 ἐν
2206 3504 2349 3574 τοῖς
2382 3498 2609 3582 φίλοις

318 3606 491 3672 idem
529 3607 744 3673 valere
788 3627 980 3691 posse
1029 3609 1221 3693 atque
1268 3603 1374 3671 ἐπὶ
1415 3606 1551 3672 τῶν
1591 3608 1812 3690 φίλων
1852 3606 2148 3672 arbitror.
2212 3604 2291 3671 of.
2328 3627 2391 3690 p.
2429 3604 2515 3670 56
2544 3626 2607 3670 o:

321 3710 395 3778 ἐν
446 3710 521 3779 δὲ
563 3722 709 3791 ταῖς
752 3715 1141 3790 κολακείαις.
1221 3735 1282 3798 p.
1328 3712 1412 3779 57
1443 3735 1497 3779 o.
1552 3712 1687 3779 950
1714 3712 1747 3777 f
1753 3737 1769 3780 ε
1816 3711 1891 3778 ἐν
1933 3723 2077 3790 τοῖς
2120 3706 2482 3789 ἀδυνάτοις
2518 3742 2605 3767 ==

316 3818 420 3886 ἐπὶ
464 3820 602 3887 τῶν
647 3815 752 3886 ἀδ.
849 3820 975 3886 103
1002 3819 1074 3886 b:
1125 3818 1199 3886 ἐν
1243 3829 1482 3905 φυτοῖς
1533 3856 1609 3867 -
1662 3818 1737 3886 ἐν
1784 3815 1988 3908 ζῴοις.
2059 3818 2191 3885 497
2222 3841 2275 3885 c.

495 3924 602 3993 Do
646 3925 948 3993 fortuna
1002 3949 1053 3994 c.
1098 3928 1144 3992 4
1199 3923 1288 4014 (p.
1335 3926 1420 3992 99
1450 3926 1553 4014 b):
1617 3922 1856 3993 κανόσι
1920 3922 1996 3991 δὲ
2048 3923 2161 3991 καὶ
2216 3930 2608 4009 σταθμαῖς

317 4030 429 4099 καὶ
486 4030 750 4120 μέτροις
807 4031 918 4099 καὶ
978 4026 1300 4120 ἀριθμοῖς
1355 4034 1700 4119 πανταχοῦ
1753 4034 2043 4120 χρῶνται
2086 4029 2177 4099 κὲ.
2265 4032 2372 4099 Ita
2425 4031 2605 4098 codd.

318 4140 658 4227 Wyttenb.
703 4142 954 4207 mavult
998 4143 1354 4225 σταθμοῖς,
1399 4143 1476 4205 ut
1517 4126 1615 4205 ita
1658 4140 2040 4225 expleantur
2082 4138 2261 4205 modi
2307 4138 2604 4204 definien-

319 4248 436 4313 dae
467 4248 848 4333 quantitatis
887 4247 1274 4334 generatim:
1318 4247 1591 4332 pondus,
1633 4268 1954 4332 mensura,
1998 4266 2324 4311 numerus.
2387 4243 2607 4311 Seouti

323 4358 476 4420 sunt
518 4353 901 4421 Duebnerus
958 4358 1024 4420 et
1066 4352 1450 4419 Heroherus.
1539 4352 1687 4439 Ego
1740 4374 1874 4419 non
1918 4352 2133 4436 video,
2187 4374 2302 4419 our
2346 4352 2605 4419 ereden-

319 4461 470 4527 dum
517 4461 621 4547 sit‚
665 4460 838 4526 Plut.
882 4459 946 4525 h.
982 4461 1022 4525 l.
1061 4480 1286 4525 omnes
1322 4457 1548 4525 modos
1584 4458 1985 4527 definiendae
2022 4460 2408 4545 quantitatis
2447 4482 2603 4529 enu-

423 4574 670 4629 symnoiae
696 4574 888 4616 orium
916 4576 964 4617 et
988 4573 1219 4625 paneam.
1246 4573 1296 4615 in
1323 4573 1443 4617 rint.
2144 4571 2180 4624 4
