3200 5175
1534 319 1970 384 ...62-

603 496 814 562 Scrib:
865 492 1006 582 ἅμα
1058 492 1314 582 παύση,
1367 496 1540 583 quod
1584 495 1667 561 ad
1724 495 2111 562 sententiam
2162 491 2547 578 explendam
2602 513 2899 560 necessa-

601 606 771 670 rium
827 608 945 671 estL
1033 604 1346 670 Similiter
1399 627 1462 689 p.
1508 603 1639 669 56⁷
1670 603 1715 668 b
1778 602 1968 668 codd:
2022 596 2161 686 ἅμα
2220 596 2728 687 καμπτομένους
2778 621 2901 683 pro

597 707 1251 796 ἀνακαμπτομένους.

773 834 880 900 Do
923 835 1318 901 mulierum
1364 833 1765 901 virtutibus
1804 834 1844 899 8
1892 829 1980 919 (p.
2028 833 2157 898 247
2180 831 2243 918 c)
2298 853 2636 918 perperam
2684 831 2901 898 editur

597 939 709 1006 καὶ
745 941 870 1025 γῆς
903 937 1227 1026 τυχόντας
1269 935 1658 1025 ἀλλαχόσε
1694 936 1806 1004 καὶ
1841 934 2115 1015 πόλεως.
2188 937 2391 1003 Scrib.
2429 933 2776 1024 ἀλλαχόΘΙ.

775 1085 866 1094 --·
897 1049 978 1113 19
1016 1043 1110 1134 (Ρ.
1138 1047 1266 1113 257
1289 1044 1386 1134 a):
1430 1041 1584 1130 τιμὴ
1626 1043 1707 1111 δέ
1735 1067 1835 1121 τις
1872 1039 2053 1128 ὅμως
2084 1033 2173 1127 ἦν
2208 1044 2327 1128 τῆς
2352 1037 2785 1130 Ἀρεταφίλας
2808 1081 2903 1092 --

599 1149 724 1219 οὐκ
770 1148 1339 1238 ἀπεχθανομένης,
1390 1147 1553 1218 οὐδὲ
1598 1145 2019 1235 πολεμούσης
2060 1145 2398 1235 ἄντικρυς,
2443 1144 2590 1216 ἀλλ’
2633 1144 2905 1234 ἀδήλως

599 1255 1174 1343 διαταττούσης
1224 1255 1306 1323 τὰ
1367 1254 1738 1342 πράγματα.
1819 1255 1947 1321 Pro
2014 1255 2520 1340 διαταττούσης,
2574 1257 2902 1322 sententia

598 1366 1000 1450 postulante,
1047 1364 1454 1432 scribendum
1499 1367 1688 1448 puto:
1735 1357 2301 1446 διαταραττούσης
2314 1409 2333 1444 ,
2380 1363 2552 1448 quod
2596 1363 2901 1449 proxima

604 1471 1016 1536 confirmant:
1061 1471 1328 1557 πρῶτον
1373 1468 1498 1555 μὲν
1551 1465 1679 1556 γὰρ
1709 1505 1798 1518 ——
1840 1463 2271 1553 ὑπεκίνησε
2306 1463 2603 1554 πόλεμον
2662 1506 2737 1516 -
2792 1505 2900 1552 -,

601 1578 824 1643 ἔπειτα
869 1578 1136 1663 διέβαλε
1177 1583 1311 1644 κτλ.

783 1699 916 1768 Sub
955 1703 1151 1768 finem
1187 1725 1332 1788 cap:
1369 1700 1480 1767 καὶ
1516 1701 1643 1767 τοῦ
1676 1706 2262 1785 πολυπραγμονεῖν
2302 1694 2535 1766 ὁτιοῦν
2559 1702 2894 1786 παραβαλ-

600 1806 868 1894 λομένη.
958 1809 1160 1874 Recte
1233 1808 1444 1893 Wytt.
1518 1805 2057 1894 προβαλλομένη,
2130 1806 2494 1892 repudians.
2592 1805 2897 1871 Editores

597 1919 819 1980 tamen
865 1915 1044 1981 codd.
1088 1915 1436 1981 lectionem
1479 1915 1780 1980 retinent.
2569 1916 2577 1922 “

787 2058 864 2069 -
925 2022 1012 2087 23
1077 2021 1168 2107 (Ρ.
1224 2021 1354 2086 259
1393 2020 1460 2108 a)
1545 2043 1784 2086 nomen
1855 2022 2188 2106 proprium
2268 2014 2658 2106 Τορηδόραξ
2720 2019 2896 2084 varie

600 2128 921 2194 scribitur.
979 2127 1066 2193 E:
1113 2123 1544 2213 Πυρηδόναξ.
1608 2126 1755 2192 Bas.
1790 2125 1941 2211 Xyl.
1978 2127 2119 2192 Iun.
2157 2124 2563 2213 Πορηδόριξ.
2634 2125 2716 2190 P:
2758 2129 2897 2190 Ho-

599 2231 911 2320 ρήδοραξ.
993 2233 1320 2320 Legitima
1359 2235 1550 2300 lectio
1597 2237 1699 2299 est
1751 2229 2141 2320 Πορηδόριξ
2179 2265 2264 2287 =
2300 2231 2679 2318 Poredorix,
2724 2236 2804 2296 ut
2842 2253 2895 2296 c.

598 2342 688 2407 20
735 2336 1034 2426 Συνόριξ
1073 2370 1158 2394 =
1197 2337 1469 2406 Sinorix.

775 2465 980 2530 Paulo
1022 2468 1200 2551 post:
1247 2454 1335 2548 ἦν
1376 2461 1451 2528 δὲ
1503 2465 1869 2530 Τοσιωπῶν
1904 2460 2276 2550 τετράρχης.
2334 2463 2549 2549 Wytt.
2587 2461 2895 2528 correxit:

611 2565 1154 2654 Τολιστοβώγων.
1243 2569 1657 2638 Pr0babilius
1705 2574 1805 2636 est
1857 2567 2313 2656 Τεκτοσάγων,
2370 2593 2531 2657 quos
2579 2569 2781 2636 etiam
2827 2568 2896 2633 in

601 2676 757 2743 Sull.
785 2678 830 2743 4
859 2681 1351 2763 commemorat3
1381 2676 1847 2765 Tolistobogos
1878 2682 2093 2743 autem
2114 2683 2183 2744 et
2213 2678 2525 2743 Trocmos
2552 2674 2894 2762 nusquam.

784 2780 1248 2871 quaestiones
1277 2782 1635 2851 Romanae
1671 2806 1723 2850 c.
1755 2784 1827 2849 2:
1872 2781 2179 2867 πότερον,
2208 2780 2300 2861 ῶς
2327 2780 2616 2870 Βάρρων
2647 2784 2895 2865 ἔλεγεν,

601 2886 704 2957 ὅτι
757 2892 894 2955 τῶν
948 2891 1337 2975 στρατηγῶν
1395 2889 1571 2977 τρισὶ
1628 2890 2025 2976 χρωμένων,
2081 2885 2211 2957 σὺν
2256 2900 2397 2971 τοῖς
2440 2884 2895 2975 ἀγορανόμοις

596 2996 941 3075 πλείονας,
999 2996 1178 3081 παρὰ
1224 2994 1300 3062 δὲ
1343 2998 1480 3063 τῶν
1525 2992 1982 3083 ἀγορανόμων
2029 2992 2313 3063 ἅπτουσι
2358 2992 2435 3063 τὸ
2482 2996 2618 3082 πῦρ
2667 2996 2741 3061 οἱ
2776 3018 2891 3079 γα-

597 3104 912 3188 μοῦντες;
957 3096 1000 3187 ἢ
1049 3099 1224 3168 διότι
1269 3107 1404 3169 κτλ.
1493 3104 1829 3190 AmiotuS,
1874 3107 2044 3171 teste
2091 3102 2331 3188 wyte,
2375 3102 2606 3169 vertit:
2664 3100 2894 3187 ‘quum

601 3213 936 3296 praetores
991 3209 1200 3275 tribus
1258 3212 1527 3275 utantur
1583 3209 1866 3297 facibus,
1930 3211 2171 3277 aediles
2218 3210 2497 3276 duobus:
2568 3230 2704 3274 non
2749 3212 2894 3273 erat

598 3318 839 3383 rationi
901 3320 1399 3383 consentaneum
1459 3320 1534 3382 ut
1592 3316 1891 3402 pluribus
1951 3320 2289 3383 uterentur
2348 3316 2599 3381 facibus
2648 3315 2891 3399 sponsi,

598 3426 981 3509 praesertim
1055 3446 1252 3509 quum
1328 3446 1492 3517 suas·
1554 3423 1727 3509 apud
1800 3423 2039 3489 aediles
2114 3421 2463 3489 accendero
2536 3419 2893 3487 deberent’.

597 3530 901 3597 Fortasse
931 3530 1237 3597 Amiotus
1265 3531 1400 3597 tale
1445 3530 1607 3615 quid
1633 3531 1910 3617 legerat:
1958 3525 2061 3596 ὅτι
2095 3530 2235 3595 τῶν
2272 3528 2661 3612 στρατηγῶν
2698 3529 2895 3616 τρισί,

602 3636 764 3716 [τῶν
795 3630 857 3699 δ’
883 3629 1334 3721 ἀγορανόμων
1371 3634 1560 3718 δυσί]
1596 3635 1985 3722 χρωμένων,
2034 3630 2185 3719 [οὐκ
2222 3628 2426 3715 είκὸ]ς
2460 3622 2549 3717 ἦν
2587 3628 2893 3717 [αῦ]τοῦς

597 3752 1014 3826 παρανομεῖν
1059 3744 1372 3820 πλείονας
1401 3739 2114 3829 [ΠΑΡΑλαμβάνοντας
2156 3742 2261 3806 vel
2304 3738 2736 3827 παρέχοντας,
2781 3738 2892 3806 καὶ

597 3880 884 3968 μάλιστα
948 3879 1203 3969 ἐπειδὴ]
1268 3859 1489 3951 ΠΑΡᾹ
1559 3884 1697 3951 τῶν
1760 3880 2205 3970 ἀγορανόμων
2266 3879 2552 3949 ἅπτουσι
2612 3876 2689 3947 τὸ
2753 3884 2889 3968 πῦρ

597 3996 734 4058 κτλ.
825 3988 1119 4076 Scriptor
1175 3990 1320 4055 aliis
1377 3991 1593 4057 verbis
1650 3991 1747 4057 uti
1792 3994 2079 4076 poterat,
2133 3990 2339 4055 velut:
2397 3982 2481 4054 οὐ
2527 3984 2761 4073 λόγο]ς
2804 3979 2889 4075 ἦν

600 4092 888 4179 [αὗ]τοῖς
931 4101 1065 4163 κτλ.
1128 4096 1287 4163 Loci
1322 4097 1651 4182 desperati
1686 4096 2020 4162 meliorem
2060 4094 2573 4165 emendationem
2610 4095 2891 4163 libenter

601 4205 971 4290 amplectar.

775 4328 847 4396 O.
887 4329 977 4394 24
1023 4327 1113 4415 (p.
1143 4328 1280 4395 269
1301 4326 1391 4417 e):
1435 4319 1478 4414 ἢ
1525 4328 1789 4413 μᾶλλον
1834 4321 1938 4395 ὅτι
1974 4336 2119 4407 ταῖς
2160 4328 2279 4414 τῆς
2323 4324 2607 4428 σελήνης
2653 4328 2890 4415 διαφψ

599 4445 749 4523 ραῖς
805 4429 1140 4517 ὁρίζοντες
1191 4429 1312 4501 τὸν
1367 4430 1639 4521 χρόνον,
1702 4431 1935 4521 ἑῶρων
1980 4435 2055 4502 ἐν
2098 4434 2277 4522 τρισὶ
2322 4436 2721 4521 γενομένην·
2746 4439 2887 4505 δια*
