3200 5175
1503 314 1946 379 „22-

580 495 905 579 ascripsit:
953 496 1082 578 ἔχει
1125 518 1192 560 τι
1238 489 1550 581 δυσχερὲς
1593 486 1637 576 ἡ
1682 490 1807 558 τοῦ
1851 486 2060 576 λόγου
2096 488 2523 580 συνάρτησις.
2609 491 2764 561 Διὸ
2808 494 2927 561 καὶ

578 602 715 669 τῶν
758 600 1101 690 προτέρων
1150 601 1222 666 ol
1260 598 1385 685 μὲν
1431 602 1525 678 εἰς
1568 595 1643 665 τὸ
1673 600 2048 683 Σώσαι·-,
2095 600 2166 666 οἱ
2206 596 2281 666 δὲ
2326 601 2420 677 εἰς
2454 597 2537 667 τὸ
2574 599 2929 681 Σπεύσας

582 704 932 796 παρῄνουν
975 706 1243 797 τρέπειν
1284 704 1413 791 τὴν
1455 706 1657 786 λέξιν.
1731 704 1868 772 Καὶ
1914 707 1977 772 εἰ
2019 703 2143 792 μὲν
2188 702 2264 773 τὸ
2314 704 2569 786 Σώσας
2622 708 2747 775 ἐπὶ
2796 710 2930 777 τοῦ

587 812 896 895 Φυλάξας
940 813 1276 900 ἐκλάβοις,
1322 810 1543 899 ὥσπερ
1591 812 1702 879 καὶ
1748 812 2111 899 έκληπτέον
2156 812 2326 897 έστί,
2381 820 2483 899 εἴη
2535 808 2639 882 ἄν
2694 812 2736 882 ὅ
2788 814 2927 902 μὲν

578 919 932 1009 πρόχειρος
983 962 1072 970 -
1126 923 1319 1006 νοῦς,
1389 916 1649 988 Οὐδὲν
1713 922 1867 988 τών
1924 915 2447 1005 ὑπαρχόντων
2492 920 2929 1007 φυλάξας,

583 1025 776 1095 ὥστε
833 1027 1128 1095 θέσθαι
1189 1030 1302 1105 εἰς
1361 1021 1398 1094 3
1455 1028 1613 1111 δεῖ,
1675 1021 1718 1111 ἢ
1774 1022 1971 1093 ὥστε
2032 1016 2118 1092 εὖ
2172 1025 2661 1094 διαθέσθαι·
2734 1025 2777 1095 ὁ
2844 1026 2927 1097 δὲ

582 1130 1050 1221 ἀληθέστερος,
1100 1129 1320 1201 Οὐδὲν
1364 1134 1501 1201 τών
1535 1129 1979 1221 ὑπαρχόντων
2015 1135 2111 1211 εἰς
2148 1127 2184 1200 3
2224 1135 2332 1201 δεῖ
2362 1131 2633 1201 θέσθαι
2680 1130 2761 1224 (ἢ
2803 1134 2927 1203 διὰ

582 1244 707 1310 τοῦ
752 1243 847 1320 είς
893 1236 929 1308 3
978 1244 1085 1308 δεῖ
1123 1241 1406 1328 θέσθαι)
1439 1239 1753 1333 ’φυλάξας
1796 1246 1929 1307 κτλ.
2000 1240 2547 1325 Wyttenbachius
2604 1242 2719 1331 (in
2749 1245 2922 1310 Ani-

584 1350 793 1415 madv.
829 1350 926 1413 ‘in
980 1372 1040 1433 p.
1101 1350 1184 1416 78
1213 1345 1282 1436 f)
1337 1350 1551 1414 locum
1626 1346 1719 1413 sic
1774 1347 2142 1432 explicavit:
2200 1344 2419 1425 σώσας
2474 1344 2701 1417 οὐδὲν
2774 1352 2925 1417 τῶν

582 1449 1024 1543 ὑπαρχόντων
1065 1457 1159 1535 εἰς
1203 1456 1436 1539 τοῦτο,
1496 1456 1591 1531 εἰς
1637 1448 1675 1520 3
1724 1456 1831 1520 δεῖ
1869 1450 1951 1519 τὰ
1994 1449 2379 1540 ὑπάρχοντα
2423 1456 2736 1542 θέσθαι,
2802 1460 2921 1545 qui

580 1586 796 1629 rerum
844 1563 1307 1649 acquisitarum
1351 1564 1598 1627 nullam
1648 1565 1968 1627 servasset
2014 1560 2096 1626 ad
2134 1583 2281 1626 eum
2315 1584 2524 1647 usum,
2572 1565 2666 1629 ad
2710 1587 2922 1651 quem

585 1692 694 1736 eas
751 1692 1060 1755 reponere
1118 1671 1442 1736 debemus.
1533 1669 1867 1754 Pflugkius
1921 1690 2040 1752 pro
2096 1664 2317 1745 σώσας
2372 1670 2662 1737 coniecit
2724 1668 2919 1757 φθά-

579 1793 722 1860 σας,
762 1776 934 1861 quod
964 1774 1125 1841 Sint.
1160 1775 1420 1859 recepit.
1483 1773 1853 1860 Madvigius
1882 1775 2250 1859 proposuit:
2288 1772 2583 1860 ἰσχύσας.
2624 1816 2711 1825 -
2748 1778 2919 1845 Loci

580 1883 1130 1948 constructionem
1191 1883 1477 1947 illustrat
1523 1882 1691 1946 alter
1737 1881 1965 1946 similis
2021 1880 2092 1945 in
2147 1881 2340 1947 Dion.
2386 1873 2462 1948 2:
2515 1885 2916 1973 προανῃρέ-

579 1995 808 2076 θησαν
871 1984 999 2074 γὰρ
1057 1984 1425 2073 ἀμφότεροι
1480 1988 1606 2053 τοῦ
1659 1986 1920 2071 τέλους,
1986 1988 2099 2081 εἰς
2153 1980 2190 2053 3
2245 1985 2717 2073 προύθεντο
2791 1989 2918 2070 τὰς

581 2093 852 2184 πράξεις
899 2094 971 2160 ἐκ
1014 2096 1280 2162 πολλῶν
1338 2092 1450 2160 καὶ
1509 2091 1819 2179 μεγάλων
1870 2088 2157 2178 ἀγώνων
2199 2094 2755 2183 καταθέσθαι,
2819 2094 2914 2185 μὴ

583 2200 1019 2287 δυνηθέντες,
1063 2203 1233 2267 unde
1282 2203 1551 2286 apparet
1595 2201 1880 2286 priorem
1921 2202 2489 2287 constructionem,
2534 2226 2745 2288 quam
2786 2204 2913 2272 Co-

585 2333 732 2376 raes
788 2310 993 2395 dedit,
1048 2308 1550 2394 probabiliorem
1597 2329 1768 2393 esse,
1820 2310 1861 2375 i.
1909 2333 1960 2375 e.
2010 2304 2214 2374 οὐδὲν
2258 2308 2395 2374 τών
2439 2303 2916 2396 ὑπαρχόντων

586 2413 837 2501 σώσας,
898 2411 1122 2503 (ὥστε)
1182 2413 1437 2480 θέσθαι
1495 2414 1592 2491 είς
1646 2408 1684 2479 ὅ
1732 2415 1861 2479 δεῖ3
1922 2410 2089 2481 ὥστε
2135 2409 2414 2501 ἀγαγεῖν
2460 2418 2555 2494 εἰς
2600 2412 2646 2483 δ’
2695 2418 2914 2505 πέρας

583 2522 651 2604 ἐξ
685 2518 916 2610 ’ἀρχῆς
958 2518 1330 2609 προύθετο,
1384 2520 1634 2587 nullam
1679 2542 1894 2588 rerum
1942 2522 2402 2607 acquisitarum
2446 2524 2542 2590 ita
2589 2525 2913 2610 servavit,

583 2635 659 2696 ut
720 2653 866 2696 eam
931 2651 1136 2715 usque
1189 2630 1277 2694 ad
1326 2627 1594 2693 debitum
1647 2627 1861 2712 fineon,
1924 2628 1964 2692 i.
2022 2649 2078 2693 e.
2136 2628 2218 2694 ad
2270 2631 2470 2695 finem
2519 2652 2722 2715 quem
2772 2632 2904 2698 sibi

584 2741 1032 2823 proposuerat,
1076 2734 1468 2820 perduceret.

763 2843 850 2908 33
897 2843 1039 2909 init.
1093 2836 1231 2927 ἅμα
1274 2838 1387 2906 καὶ
1432 2841 1523 2931 τῷ
1570 2837 1785 2927 μηδὲν
1829 2829 1929 2906 ὧν
1972 2836 2252 2925 ἤλπισε
2296 2855 2674 2930 προχωρεῖν
2726 2841 2901 2912 ἀθυ-

582 2951 748 3035 μών.
829 2951 934 3017 Ita
980 2951 1056 3015 de
1104 2972 1222 3016 suo
1269 2948 1529 3032 scripsit
1576 2946 1883 3014 Sintenis.
1929 2970 2047 3033 pro
2094 2944 2390 3034 ἤλπιζε,
2438 2950 2610 3035 quod
2658 2975 2897 3020 omnes

586 3058 766 3124 codd.
810 3053 1146 3143 praebent.
1233 3054 1691 3140 Imperfectum
1736 3052 2093 3122 rectissime
2142 3078 2211 3122 se
2256 3057 2472 3124 habet.

765 3161 1012 3232 Sullae
1049 3165 1162 3231 24:
1210 3159 1552 3249 φήσαντος
1590 3159 1665 3228 δὲ
1700 3174 1945 3248 ποιεῖν,
1983 3159 2195 3242 οῦτως
2229 3159 2572 3251 ἠσπάσατο
2609 3165 2725 3233 καὶ
2764 3189 2897 3234 πε-

587 3267 942 3360 ριλαβών
1007 3270 1324 3357 ἐφίλησεν
1389 3265 1618 3337 αὐτόν.
1709 3269 1836 3337 Pro
1890 3267 2347 3358 περιλαβών
2406 3273 2695 3340 omnium
2758 3275 2899 3341 fere

588 3379 770 3447 codd.
825 3379 1306 3446 rescribendum
1360 3381 1520 3463 puto
1575 3377 2055 3464 περιβαλών,
2120 3380 2291 3463 quod
2346 3379 2545 3446 codex
2592 3379 2661 3448 O.
2706 3404 2899 3466 prae-

586 3487 712 3552 bet.
809 3485 1161 3572 Scrupulus
1220 3485 1527 3552 eximitur
1580 3485 1777 3550 hosce
1832 3485 2012 3551 locos
2068 3487 2497 3572 comparanti,
2559 3487 2718 3554 Fab.
2786 3489 2898 3555 13:

585 3588 966 3680 περιβαλών
1027 3630 1101 3640 -
1161 3587 1500 3679 ἠσπάζετο.
1592 3593 1711 3659 243
1775 3586 2157 3687 περιβαλών
2222 3591 2333 3658 καὶ
2404 3587 2896 3682 ἀσπασάμενος.

587 3699 856 3766 Aemilii
907 3700 1017 3765 10:
1066 3699 1564 3785 περιβαλοῦσαν
1611 3697 1723 3765 καὶ
1766 3700 2289 3783 καταφιλοῦσαν.
2383 3699 2523 3767 Cat.
2568 3703 2723 3768 min.
2773 3705 2894 3770 37:

586 3801 1035 3892 περιβαλόντα
1106 3801 1224 3884 τὰς
1287 3818 1509 3894 χεῖρας
1573 3844 1661 3854 -
1726 3799 2175 3872 ἀσπάσασθαι.
2278 3804 2463 3873 Brut.
2532 3810 2643 3875 10:
2716 3831 2895 3896 περι-

590 3908 820 3998 βαλὼν
874 3949 950 3960 -
1000 3907 1342 3998 ἠσπάζετο.
1436 3913 1620 3979 Alex.
1668 3915 1781 3980 67:
1828 3908 2207 3997 περιβαλών
2252 3915 2667 4001 κατεφίλησε.
2747 3917 2891 3982 Tib.

588 4021 857 4088 Gracch.
911 4022 1019 4087 113
1087 4021 1478 4106 περιέβαλεν
1529 4058 1606 4070 -
1657 4018 1769 4086 καὶ
1820 4015 2285 4105 κατησπάζετο.
2376 4021 2570 4088 Dion.
2615 4024 2731 4090 43:
2780 4045 2892 4088 πε-

589 4124 978 4213 ριβαλόντες
1023 4123 1427 4212 ἠσπάσαντο.
1518 4126 1701 4193 Brut.
1748 4127 1817 4193 4:
1864 4125 2304 4211 ἐξαναστῆναι
2348 4125 2460 4193 καὶ
2503 4133 2889 4216 περιβαλεῖν

590 4229 680 4313 ὡς
732 4236 1095 4322 κρείττονα.
1185 4235 1374 4302 Eum.
1437 4235 1544 4300 10:
1601 4229 2070 4319 περιβαλόντες
2120 4272 2196 4284 -
2256 4229 2659 4320 ἠσπάσαντο.
2750 4237 2886 4302 An-

589 4345 722 4408 ton.
774 4344 883 4408 103
938 4338 1316 4428 περιβαλών
1360 4345 1775 4428 κατεφίλησε.
1829 4379 1903 4389 -
1954 4341 2026 4410 Ρ.
2074 4343 2158 4409 67
2191 4365 2252 4408 e:
2305 4338 2730 4429 περιβάλλειν
2775 4341 2887 4408 καὶ

589 4445 1137 4528 κατασπάζεσθαι.
1205 4451 1330 4516 139
1362 4472 1426 4515 e:
1463 4442 1877 4528 ἀσπάζεσθαι
1912 4447 2025 4514 καὶ
2060 4454 2284 4534 φιλεῖν
2320 4447 2431 4517 καὶ
2458 4446 2884 4538 περιβάλλειν
