3200 5175
1447 255 1882 319 ...86-

519 458 706 519 μενο
729 459 774 499 ι.
864 432 1017 498 Non
1061 435 1232 497 reete
1277 432 1593 497 reddunt:
1642 430 1731 496 ‘et
1776 430 2149 497 deridentur
2195 432 2279 496 ab
2324 432 2422 516 iis,
2466 432 2702 517 quibus
2746 456 2810 498 se

521 544 722 609 miros
757 540 959 606 videri
995 536 1266 605 volunt'.
1324 531 1478 622 Ἀφ’
1521 526 1631 603 ὧν
1668 543 1769 603 est
1805 541 2135 623 neutrum3
2184 539 2612 605 masculinum
2648 544 2815 605 esset

519 644 647 733 ὑφ’
709 636 834 713 ὧν.
925 644 1098 713 Ordo
1163 644 1508 711 orationis:
1573 641 2107 730 καταγελώμενοι
2170 640 2301 711 ἀπὸ
2366 641 2629 712 τούτων
2692 638 2808 730 ἀφ’

521 744 620 821 ὧν
655 744 1132 838 θαυμάζεσθαι
1179 756 1460 834 οἴονται,
1500 750 1575 817 'et
1619 751 1989 817 deridentur
2026 754 2290 837 propter
2328 774 2423 837 ea,
2469 752 2547 816 de
2584 752 2815 836 quibus

523 884 603 931 se,
637 862 708 925 in
755 859 1184 926 admiratione
1228 858 1458 924 haberi
1503 859 1749 926 volunt.

703 966 772 1035 O.
824 967 905 1032 12
951 966 1170 1031 initio:
1225 999 1302 1011 -
1354 965 1995 1051 φιλοφρονουμένου
2057 966 2179 1031 τοῦ
2216 988 2222 996 ’
2234 962 2559 1048 βασιλέως
2612 958 2817 1031 αὐτὸν

523 1068 920 1159 Λυσιμάχου
973 1067 1167 1157 πρὸς
1221 1067 1509 1138 ἑαυτὸν
1563 1070 1675 1137 καὶ
1731 1069 2058 1157 λέγοντος.
2150 1072 2255 1138 Ita
2308 1070 2487 1137 codd.
2544 1095 2585 1138 a
2629 1072 2709 1137 D.
2757 1076 2821 1137 et

521 1180 672 1268 Xyl.
717 1180 959 1247 absunt
1003 1180 1201 1245 verba
1244 1174 1441 1264 πρὸς
1489 1177 1671 1245 ἕαυτ
1688 1174 1809 1261 όν,
1856 1200 2019 1263 quae
2070 1182 2186 1245 aut
2230 1178 2717 1263 transponenda
2751 1180 2820 1245 in

523 1290 695 1355 hune
739 1288 1029 1354 modum:
1088 1282 1199 1351 καὶ
1243 1280 1410 1372 πρὸς
1455 1280 1666 1351 αὐτὸν
1712 1284 2055 1370 λέγοντος,
2111 1290 2223 1351 aut
2268 1308 2413 1351 eum
2459 1285 2676 1371 Wytt.
2722 1287 2820 1351 de-

524 1395 718 1462 lenda
760 1398 939 1479 puto,

702 1500 771 1567 O.
819 1504 901 1567 21
967 1497 1054 1587 (p.
1102 1499 1232 1565 513
1263 1496 1360 1587 a):
1425 1494 1516 1577 ὡς
1571 1497 1852 1584 ἐκεῖνοι,
1918 1501 2253 1565 Φιλίππου
2296 1497 2710 1587 γράψαντος,
2764 1502 2824 1565 εἰ

524 1607 832 1705 δέχονται
893 1608 974 1693 τῇ
1034 1602 1224 1672 πόλει
1283 1600 1522 1691 αὐτόν,
1586 1608 1683 1683 εἰς
1744 1602 1995 1692 χάρτην
2054 1584 2177 1671 ΟῨ
2224 1606 2392 1691 μέγα
2446 1602 2822 1693 γράψαντες

524 1710 934 1781 ἀπέστειλαν.
1016 1712 1149 1780 Ubi
1194 1712 1564 1799 Madvigius
1613 1716 1903 1793 annotat,
1957 1713 2159 1779 ‘euius
2206 1711 2427 1797 oppidi
2462 1714 2821 1781 incolarum

526 1844 766 1888 nomen
811 1822 1018 1886 lateat
1065 1821 1184 1886 sub
1231 1818 1584 1905 ἐκεῖνοι’,
1634 1843 1701 1886 se
1749 1821 2030 1906 reperire
2075 1842 2210 1887 non
2253 1820 2565 1905 potuisse.
2638 1821 2821 1888 Nihil

523 1930 703 2014 latet,
749 1926 991 1993 ἐκεῖνοι
1029 1928 1202 1993 enim
1239 1928 1321 1992 ad
1359 1923 1687 2004 Λάκωνας
1720 1928 2014 1995 refertur.
2077 1927 2176 1993 De
2216 1927 2445 1993 ceteris
2481 1928 2824 2014 Wyttenb.

526 2037 594 2101 in
641 2035 962 2101 animadv,
1009 2035 1089 2099 ad
1134 2056 1283 2121 pag.
1317 2035 1456 2101 237
1489 2058 1528 2100 a
1574 2033 1849 2100 docebit.

702 2140 808 2209 De
862 2141 1290 2208 curiositate
1355 2164 1406 2209 0.
1462 2141 1504 2207 5
1564 2139 1655 2228 (p.
1714 2141 1843 2208 517
1874 2140 1945 2230 d)
2012 2142 2205 2209 scrib:
2270 2153 2390 2207 ποῖ
2448 2139 2599 2234 (pre
2663 2142 2820 2229 ποῦ)

525 2244 796 2314 κάτεισι.
1662 2320 1665 2323 ,

709 2354 778 2423 O.
829 2356 912 2422 12
960 2353 1050 2443 (p.
1097 2357 1223 2423 521
1257 2355 1320 2443 e)
1367 2378 1494 2421 ser:
1553 2356 1853 2440 πανταχῆ
1900 2354 2048 2442 (pro
2093 2355 2461 2445 πανταχοῦ)
2509 2358 2821 2442 διαφερο-

527 2487 747 2555 μενης.

703 2570 808 2638 De
861 2568 1257 2654 eupiditate
1313 2568 1739 2636 divitiarum
1795 2592 1848 2636 e.
1892 2568 1936 2636 5
1994 2566 2081 2658 (p.
2129 2570 2261 2637 525
2289 2568 2389 2658 d):
2454 2566 2823 2651 Βυζάντιόν

525 2704 677 2745 τινα
723 2678 1037 2762 λέγουσιν
1085 2676 1189 2744 ἐπὶ
1237 2673 1609 2768 δυσμόρφῳ
1655 2677 1922 2763 γυναικὶ
1967 2675 2209 2765 μοιχὸν
2256 2673 2545 2763 εὑρόντα
2592 2681 2823 2763 εἰπεῖν,

513 2777 598 2852 ³52.
650 2787 1054 2872 ταλαίπωρε,
1111 2788 1212 2862 τίς
1256 2781 1544 2870 ἀνάγκη,
1606 2782 2000 2872 σαπραγόρα
2046 2785 2261 2872 προίξ.
2306 2781 2425 2870 ἄγε
2470 2782 2555 2852 σὺ
2601 2787 2824 2876 κυκᾷς,

527 2889 872 2978 ὑφάπτεις,
920 2882 972 2958 ὦ
1018 2890 1290 2979 πονηρέ,
1327 2888 1485 2969 τοὺς
1529 2895 1823 2975 βασιλεῖς
1858 2895 2250 2979 πορίζεσθαι
2288 2894 2396 2959 δεῖ
2434 2898 2568 2959 κτλ.
2633 2893 2825 2980 Wyt-

530 3001 705 3067 tenb.
753 2999 1118 3065 annotavit:
1165 2999 1289 3064 ‘est
1339 3000 1654 3084 quaedam
1700 3000 1979 3065 varietas
2025 3000 2095 3065 in
2130 3000 2335 3084 libris,
2380 2987 2593 3086 magis
2630 3002 2825 3068 etiam

533 3109 604 3174 in
659 3106 1044 3172 coniecturis
1099 3106 1540 3190 interpretum.
1632 3106 1800 3172 Mihi
1844 3107 2179 3173 lenissima
2221 3107 2384 3172 haee
2429 3107 2688 3173 videtur
2730 3131 2825 3175 ra-

531 3215 654 3280 tio:
706 3251 782 3262 --
825 3216 926 3291 τίς
969 3206 1228 3298 ἀνάγκη
1275 3229 1410 3279 σοι·
1457 3215 1836 3299 παρηγορία
1881 3208 1922 3298 ἡ
1967 3212 2181 3299 προίξ.
2235 3206 2320 3278 “A
2362 3211 2439 3281 δὲ
2484 3209 2571 3279 σὺ
2614 3216 2830 3292 κακῶς

531 3317 884 3406 φυλάττεις
928 3324 1048 3386 ete.
1112 3319 1238 3387 Vel
1272 3355 1346 3367 —-
1381 3313 1679 3405 ἀνάγκης
1722 3323 2098 3406 παρηγορία
2143 3319 2379 3407 προίξ)
2441 3319 2827 3388 Salmasius:

533 3418 586 3494 ὦ
632 3430 1039 3514 ταλαίπωρε,
1082 3430 1182 3504 τίς
1227 3421 1515 3512 ἀνάγκης
1571 3420 1613 3514 ἢ
1660 3424 2073 3513 Σαπραγόρα
2117 3426 2343 3513 προίξ,
2388 3432 2461 3494 ut
2506 3427 2827 3516 Saprago-

532 3557 640 3601 ras
716 3535 802 3600 sit
873 3539 1058 3620 pater
1121 3533 1296 3600 illius
1362 3533 1689 3600 deformis.
1778 3533 2107 3600 Reiskius:
2170 3571 2243 3582 -—
2310 3530 2529 3622 σαπρὰ
2592 3532 2722 3623 γὰρ
2786 3531 2826 3621 ἡ

532 3640 742 3728 προίξ.
781 3634 824 3706 ἃ
862 3638 937 3706 δὲ
975 3636 1292 3728 σὺζκωιᾷς
1317 3638 1427 3706 καὶ
1458 3634 1562 3727 ἐφ’
1606 3634 1648 3707 ἃ
1678 3636 1907 3718 ἅττεις.
1964 3640 2060 3708 Of.
2090 3641 2570 3729 Apophthegm.
2598 3643 2831 3711 Lacon.

531 3773 594 3834 p.
639 3746 771 3814 235
799 3769 861 3831 e,
905 3748 1020 3813 ubi
1067 3747 1338 3834 legitur:
1383 3751 1483 3825 τίς
1526 3773 1630 3815 τοι
1678 3744 1953 3834 ἀνάγκα.
1998 3785 2075 3796 --
2127 3748 2373 3816 Verum
2418 3753 2639 3816 tamen
2684 3751 2831 3836 quie

531 3877 668 3921 non
711 3854 915 3920 sentit
959 3875 1036 3920 ea
1081 3855 1299 3922 omnia
1343 3856 1623 3922 maxime
1668 3856 1909 3943 frigere
1954 3878 2159 3942 neque
2208 3856 2557 3941 quidquam
2593 3858 2829 3942 proba-

534 3962 896 4029 babilitatis
969 3961 1254 4028 habere?
1357 3961 1653 4030 Gonieio:
1727 3965 1827 4041 τίς
1898 3958 2160 4048 ἀνάγκα
2230 3959 2345 4042 σάς
2418 3960 2831 4051 παραγόρα

532 4067 728 4154 προίξ
786 4064 966 4154 [ἑμ]ά
1013 4091 1106 4153 γε.
1202 4061 1314 4151 [“Α
1359 4065 1460 4151 δὲ]
1509 4063 1594 4134 σὺ
1638 4072 1901 4146 κλείσας
1948 4066 2400 4154 φυλάττεις,
2465 4060 2517 4136 ὦ
2572 4068 2831 4156 πονηρέ

535 4181 670 4242 κτλ.
763 4175 942 4252 Quae
989 4178 1164 4244 clara
1209 4180 1379 4245 sunt.
1459 4175 1871 4243 Femininum
1918 4176 2221 4244 adieetivi
2264 4173 2667 4264 παρήγορος,
2712 4199 2831 4244 πα-

544 4281 800 4369 ρηγόρα
847 4306 988 4351 esse
1034 4306 1244 4372 posse,
1288 4285 1492 4370 liquet
1535 4305 1615 4350 ex
1658 4283 1738 4350 D.
1783 4283 1853 4350 L.
1898 4279 2310 4370 παρηγόρα
2356 4285 2528 4372 apud
2564 4285 2754 4352 Paus.
2781 4286 2831 4368 I,

535 4390 643 4475 43,
688 4391 748 4456 6.
