3200 5175
1377 267 1897 342 ’-4ο-

530 452 790 542 ἄριστε’
835 451 946 522 καὶ
993 452 1248 523 επαισὶν
1281 449 1325 540 ἢ
1370 451 1757 540 ὑποζυγίοις
1800 449 2050 541 ἄριστε’
2096 452 2209 522 καὶ
2254 451 2339 542 νὴ
2380 457 2519 524 Δία
2560 457 2663 547 τῷ
2708 455 2841 526 λε’-

531 587 711 648 γειν
769 555 1004 649 ἐφεξῆς
1057 559 1302 645 ἄριστε.
1390 564 1496 630 Ita
1541 585 1767 630 omnes
1823 563 2005 630 codd.
2050 564 2178 630 nisi
2232 565 2407 650 quod
2460 563 2715 651 Mosqu.
2758 567 2838 633 2:

531 667 606 737 τὸ
646 671 885 756 λέγειν.
965 670 1174 756 Wytt.
1217 674 1562 757 postquam
1610 672 1679 736 in
1714 670 2161 738 Animadvers.
2208 672 2417 736 multa
2454 671 2839 758 disputavit,

535 800 610 846 eo
655 778 998 863 reducitur,
1043 781 1115 842 ut
1158 778 1221 842 h.
1265 779 1308 844 l.
1357 777 1575 861 λέγειν
1622 775 1875 862 ἐφεξῆς,
1921 778 2137 844 ordine
2178 798 2253 846 ac
2294 779 2571 862 deinceps
2612 779 2839 863 dicere,

535 888 709 952 stare
744 907 880 953 non
914 906 1126 971 posse,
1163 884 1276 950 sed
1311 887 1530 970 potius
1569 884 1812 970 aliquid
1846 884 2157 950 excidisse
2194 887 2397 970 putet,
2454 907 2583 972 quo
2620 886 2837 952 effice-

535 996 716 1059 retur
757 991 1128 1078 hujusmodi
1177 991 1521 1076 sententia,
1557 997 1741 1076 atquc
1782 992 1917 1058 idco
1952 992 2101 1058 aliis
2135 993 2207 1058 in
2238 991 2452 1077 verbis,
2498 1013 2575 1059 ne
2618 995 2843 1060 omnia

537 1101 816 1183 deinceps
858 1119 1291 1185 recenseamuS,
1327 1099 1877 1183 praestantissime.
1958 1097 2324 1185 Madvigius
2370 1099 2670 1166 correxit:
2718 1099 2841 1166 καὶ

539 1202 623 1290 νὴ
681 1208 852 1289 Δία,
906 1194 960 1295 ᾧ
1014 1203 1236 1284 θέλεις
1291 1205 1556 1291 ἐφεξῆς,
1612 1201 1857 1293 ἄριστε.
1910 1242 1987 1252 -
2036 1204 2184 1292 Ego
2244 1205 2447 1273 miror
2509 1208 2839 1292 quomodo

538 1315 717 1380 locus
746 1311 1092 1378 facillimus
1128 1317 1350 1378 tantas
1387 1314 1612 1380 turbas
1653 1312 1919 1379 dederit.
1985 1311 2313 1378 Revocata
2348 1314 2523 1380 enim
2551 1314 2839 1380 lectione

539 1415 623 1485 τὸ
688 1417 953 1504 λέγειν
1007 1418 1482 1504 explicandum:
1537 1417 1650 1486 καὶ
1713 1415 1798 1504 νὴ
1846 1422 2006 1503 Δία,
2052 1425 2120 1484 εἴ
2155 1442 2256 1496 τις
2306 1418 2493 1505 λέγοι
2556 1419 2841 1506 ἐφεξῆς

535 1522 781 1616 (ἤγουν
817 1520 955 1611 μετ’
999 1521 1162 1592 ἄλλο
1199 1550 1286 1610 τι,
1324 1522 1544 1612 ὥσπερ
1581 1522 2011 1613 χρήμασιν,
2058 1526 2420 1605 δείπνοις
2462 1526 2623 1614 κττ.)
2670 1523 2839 1613 ‘390-

537 1635 692 1718 στε,’
742 1633 1010 1700 omnino
1059 1633 1114 1698 si
1162 1633 1304 1718 quis
1348 1636 1500 1717 post
1545 1634 1721 1699 aliud
1766 1632 1920 1719 quid
1968 1633 2139 1700 dicat
2184 1627 2431 1719 ἄριστε,
2452 1635 2517 1700 -i.
2556 1657 2609 1700 e.
2646 1657 2839 1700 omne

541 1742 783 1807 dictum
796 1791 814 1825 ,
868 1740 980 1806 ubi
1033 1762 1159 1807 vox
1211 1735 1441 1825 ἄριστε
1511 1741 1955 1827 subiungitur,
2019 1741 2327 1827 sequitur.
2420 1739 2839 1808 Dictionibus

543 1870 707 1934 quae
747 1847 1136 1913 antecedunt
1171 1842 1506 1933 χρήμασιν
1551 1842 1777 1933 ἄριστε
1822 1846 1938 1930 κὲ.,
1983 1852 2059 1914 ut
2102 1847 2523 1933 plenioribus,
2568 1848 2839 1913 verbum

537 1949 620 2020 τὸ
668 1959 706 2020 λ
723 1951 935 2038 ε’γειν
981 1954 1416 2040 superflunum
1463 1958 1661 2038 esset3
1708 1976 2099 2040 quamquam
2144 1956 2201 2020 si
2236 1954 2479 2021 Noster
2524 1953 2837 2039 interpre-

538 2065 680 2126 tum
727 2063 1062 2146 scrupulos
1107 2059 1559 2146 praevidisset,
1616 2060 1847 2128 addere
1902 2063 2160 2146 poterat
2209 2062 2280 2126 in
2322 2062 2496 2128 hunc
2540 2061 2833 2128 modum:

543 2164 807 2246 ὄνειδος
851 2162 1167 2253 ἡγεῖσθαι
1215 2205 1288 2216 —-
1335 2163 1412 2234 τὸ
1459 2165 1682 2252 λέγειν
1728 2162 2083 2254 (χρήμασιν
2120 2162 2380 2252 ἄριστε’
2425 2166 2515 2234 κε’.
2588 2168 2841 2235 Eodem

538 2275 672 2340 fere
719 2275 912 2342 modo
957 2298 1018 2360 p.
1069 2276 1195 2342 637
1228 2297 1263 2342 c
1307 2275 1497 2342 dixit:
1541 2271 1847 2341 καθόλου
1889 2271 1964 2340 δὲ
2010 2270 2252 2360 ὅμοιόν
2298 2274 2436 2342 ἐστι
2480 2276 2571 2366 τῷ
2618 2274 2843 2360 λέγειν

541 2379 782 2468 (possis
812 2381 1007 2449 etiam
1044 2377 1130 2448 τὸ
1167 2381 1481 2468 λέγειν),
1507 2378 1638 2468 πρὸ
1664 2382 1783 2466 τῆς
1817 2377 2139 2467 γυναικὸς
2165 2376 2207 2467 ἢ
2238 2379 2311 2470 (l.
2346 2379 2437 2470 εἰ)
2475 2379 2693 2470 μήτρα
2736 2383 2843 2466 γε’-

539 2512 766 2573 γονεν,
811 2492 954 2554 tota
998 2489 1159 2556 haec
1205 2490 1494 2575 quaestio
1539 2488 1693 2554 talis
1740 2491 1840 2554 est
1849 2538 1866 2573 ,
1910 2510 1985 2554 ac
2027 2490 2087 2556 si
2129 2490 2463 2574 interroyes
2508 2513 2595 2556 an
2642 2489 2845 2556 fuerit

540 2596 778 2661 matrix
835 2602 984 2663 ante
1042 2598 1395 2683 mulierem,
1449 2598 1562 2663 ubi
1618 2596 1875 2663 eosdem
1933 2599 2268 2684 scrupulos
2324 2597 2533 2684 Wytt.
2591 2598 2847 2683 profert

543 2704 880 2789 suspicans
936 2699 1184 2788 ὁμοίως
1237 2702 1376 2771 ἐστὶ
1430 2702 1650 2788 λέγειν
1706 2699 1825 2771 ὅτι.
1908 2706 1984 2773 cf.
2039 2728 2103 2790 p.
2168 2705 2298 2772 642
2328 2726 2379 2771 e.
2471 2704 2844 2771 Hercherus

539 2804 616 2876 τὸ
664 2808 885 2894 λέγειν
929 2812 1189 2898 recepit,
1236 2811 1349 2878 sed
1395 2834 1521 2899 quo
1571 2834 1766 2878 sensu
1808 2813 2047 2879 nescio.

720 2916 825 2983 De
869 2916 1223 2986 audiendo
1282 2941 1334 2985 c.
1385 2920 1468 2986 13
1517 2916 1609 3007 (p.
1654 2920 1743 2985 44
1770 2917 1871 3005 b):
1928 2916 2180 2997 ἐκεῖνος
2222 2915 2347 3003 μὲν
2392 2914 2522 3005 γὰρ
2570 2918 2847 3005 (Πυθα-

543 3020 776 3112 γόρας)
823 3023 895 3091 ἐκ
940 3029 1346 3110 φιλοσοφίας
1399 3029 1650 3112 ἔφησεν
1704 3021 1884 3115 αὑτῷ
1939 3022 2443 3111 περιγεγονέναι
2496 3022 2573 3092 τὸ
2628 3023 2847 3112 μηδὲν

544 3127 939 3218 θαυμάζειν·
989 3121 1175 3200 οὗτοι
1233 3129 1307 3197 δὲ
1351 3128 1425 3198 τὸ
1482 3129 1741 3217 μηδένα
1796 3131 2096 3200 ἐπαινεῖν
2151 3128 2320 3218 μηδὲ
2372 3132 2575 3218 τιμᾶν
2631 3132 2705 3199 ἐν
2750 3135 2846 3224 τῷ

543 3249 995 3326 καταφρονεῖν
1055 3237 1402 3325 τιθέμενοι
1461 3237 1576 3305 καὶ
1630 3236 1707 3305 τὸ
1773 3235 2022 3326 σεμνὸν
2076 3235 2410 3328 ὑπεροψία
2469 3237 2849 3321 διώκοντες.

545 3345 754 3433 Wytt.
809 3347 1068 3434 scripsit
1115 3343 1480 3414 διώκουσιν
1535 3370 1683 3413 cum
1736 3348 2187 3413 annotatione:
2270 3347 2416 3414 ‘hoc
2464 3343 2848 3435 (διώκουσι)

550 3454 770 3540 Steph.
800 3476 878 3522 ex
905 3454 1044 3521 Pol.
1074 3456 1369 3541 sumpsit.
1442 3454 1685 3521 Omnes
1714 3456 1923 3527 nostri
1962 3453 2331 3533 διώκοντες.
2404 3455 2601 3523 Modo
2630 3454 2847 3542 μηδὲν

547 3560 846 3628 ἐπαινεῖν
893 3563 1006 3629 dat
1051 3561 1152 3628 D.'
1238 3562 1466 3631 Mezer.
1523 3566 1893 3630 correxerat
1954 3550 2145 3627 οὗτοι
2200 3558 2275 3628 δὲ
2331 3560 2405 3629 ἐν
2448 3564 2540 3652 τῷ
2587 3563 2848 3649 μηδένα

548 3669 846 3735 ἐπαινεῖν
874 3666 1042 3755 μηδὲ
1067 3670 1268 3755 τιμᾶν
1297 3665 1372 3735 τὸ
1403 3680 1687 3755 φρονεῖν
1714 3666 2082 3755 τιθέμενοι,
2108 3664 2182 3734 τὸ
2224 3664 2476 3755 σεμνὸν
2510 3664 2849 3759 ὑπεροψίᾳ

552 3772 891 3843 διώκουσι.
974 3775 1342 3843 Hercherus
1399 3776 1482 3843 ad
1537 3776 1801 3843 solitum
1849 3777 2235 3862 subsidium,
2280 3777 2553 3843 lacunae
2600 3777 2850 3844 scilicet

549 3884 756 3969 signa,
803 3882 1125 3970 confugit,
1174 3905 1336 3968 quae
1382 3885 1534 3970 post
1588 3876 1909 3949 διώκουσι
1964 3881 2140 3949 dedit
2194 3887 2389 3968 atque
2443 3885 2638 3967 paulo
2694 3890 2847 3951 ante

550 3991 812 4077 scripsit
864 3993 1181 4056 τίθενται.
1270 3989 1637 4077 Madvigius
1696 3990 2000 4057 audacius
2058 3994 2122 4056 et
2176 3990 2593 4057 festinantius
2650 3993 2847 4059 scribi

541 4098 729 4183 jubet
771 4093 855 4164 τὸ
903 4093 1002 4183 μὴ
1050 4098 1233 4163 λίαν
1279 4096 1354 4163 ἐν
1388 4098 1478 4187 τῷ
1524 4104 1976 4182 καταφρονεῖν
2012 4096 2357 4184 τιθέμενοι
2395 4100 2514 4163 etc.
2558 4134 2636 4145 —
2679 4098 2847 4177 Quid

550 4206 799 4273 multa?
871 4205 1082 4273 Locus
1127 4204 1434 4271 facillime
1481 4209 1747 4271 sanatur
1790 4205 2109 4289 particula
2153 4208 2292 4271 καί
2329 4208 2483 4292 post
2535 4200 2618 4271 τὸ
2670 4223 2849 4291 σεμ-

549 4317 681 4379 νίν
736 4314 1155 4399 transposita.
1247 4312 1378 4381 Ser.
1431 4314 1662 4400 igitur:
1726 4302 1915 4380 οὗτοι
1980 4310 2055 4379 δὲ
2111 4336 2187 4379 το
2236 4310 2493 4399 μηδένα
2548 4312 2846 4380 ἐπαινεῖν

551 4416 720 4507 μηδὲ
764 4421 968 4505 τιμᾶν
1003 4417 1301 4507 (subaud.
1337 4419 1502 4506 φασὶ
1547 4418 2105 4509 περιγεγονέναι),
2152 4420 2225 4487 ἐν
2262 4421 2353 4511 τῷ
2394 4428 2846 4508 καταφρονεῖν
