3200 5175
1521 322 1915 406 ,42-

743 518 934 585 Hanc
971 510 1464 604 explicationem
1501 520 1797 605 equidem
1836 542 1971 585 non
2008 521 2339 605 intellego;
2386 544 2541 584 nam
2580 522 2869 587 κλειδῶν

567 632 633 691 et
695 627 950 693 τέκνων
1012 628 1175 693 nihil
1235 631 1350 692 aut
1413 650 1452 691 a
1517 627 1840 692 sententia
1905 632 2019 692 aut
2078 650 2119 693 a
2170 627 2507 691 literarum
2569 629 2863 713 vestigiis

568 757 906 800 commune
950 735 1214 799 habent.
1307 733 1730 800 Scribendum
1777 739 1967 818 puto:
2013 732 2117 798 ἐπὶ
2164 738 2563 821 φαρμακείᾳ,
2608 734 2865 799 τέκνων

568 838 987 925 ἐπηλύδων
1040 835 1342 925 ὑποβολῇ
1397 838 1510 904 καὶ
1569 847 2073 924 μοιχευθεῖσαν,
2129 845 2205 905 ut
2247 845 2381 906 tres
2426 842 2865 926 repudiandae

565 950 784 1013 uxoris
845 970 1076 1013 causae
1147 952 1748 1031 commemorentur.
1858 946 2127 1012 Τέκνων
2181 944 2607 1031 ἐπηλύδων
2662 949 2865 1013 abun-

565 1056 796 1120 danter
833 1055 1077 1120 dictum
1113 1054 1282 1118 idem
1322 1058 1422 1119 est
1457 1076 1532 1119 ac
1568 1053 1824 1119 τέκνων
1861 1051 2385 1136 ἐπεισάκτων,
2426 1050 2509 1119 οὐ
2546 1059 2864 1139 γνησίων.

571 1158 862 1244 Γνήσιος
934 1165 1000 1224 et
1074 1162 1316 1243 ἔπηλυς
1391 1161 1772 1242 saepissime
1836 1161 2009 1225 inter
2073 1184 2141 1224 se
2207 1162 2446 1244 opponi
2515 1162 2869 1226 ostendunt

566 1267 788 1332 Thes.
841 1268 1092 1331 13:32.
1153 1264 1406 1331 Camill.
1457 1269 1560 1331 31.
1618 1266 1894 1331 Eumen.
1940 1269 2001 1332 8.
2053 1266 2339 1333 Demetr.
2386 1269 2491 1331 44.
2536 1291 2600 1352 p.
2647 1269 2779 1333 584
2809 1291 2863 1352 e,

565 1374 678 1438 ubi
734 1396 882 1458 opp.
939 1376 1248 1457 ἔμφυτος.
1325 1373 1452 1437 756
1483 1395 1542 1437 cz
1606 1367 1755 1438 οὐδ’
1809 1376 2095 1456 ἔπηλυς
2141 1369 2207 1458 (ὁ
2236 1369 2483 1461 ”Ερως)
2534 1412 2608 1420 -
2660 1397 2867 1458 παρα-

567 1476 794 1545 δύεται
849 1518 951 1562 -,
1011 1475 1179 1544 ῶστε
1231 1481 1734 1564 παρεισγραφῆς
1792 1482 1988 1563 δίκην
2042 1476 2321 1563 φεύγειν
2379 1480 2489 1545 καὶ
2538 1485 2867 1557 νοθείας

564 1588 682 1671 τῆς
727 1585 800 1651 ἐν
847 1594 1053 1663 θεοῖς.
1120 1590 1186 1650 et
1230 1610 1290 1670 p.
1338 1587 1468 1652 988
1498 1588 1560 1652 b.
1662 1586 1787 1652 Sed
1834 1611 1893 1653 v.
1945 1588 2253 1652 addenda.

740 1693 992 1759 Ibidem
1039 1694 1156 1758 29:
1215 1694 1290 1757 αί
1346 1691 1420 1758 δὲ
1478 1696 1959 1778 θεραπαινίδες
2014 1690 2435 1777 ἀγείρουσι
2480 1696 2860 1778 περιϊοῦσαι

563 1797 674 1864 καὶ
728 1803 1095 1878 παίζουσιν.
1186 1800 1292 1864 Ita
1347 1800 1627 1881 codiceS,
1689 1805 1957 1884 excepto
2015 1781 2086 1865 C..
2146 1801 2255 1884 qui
2313 1800 2446 1864 dat:
2513 1796 2860 1887 ἀγύρουσι.

564 1904 664 1970 De
712 1905 934 1971 eadem
980 1928 1048 1971 re
1096 1904 1344 1971 Camill.
1394 1908 1497 1971 33.
1553 1907 1715 1972 haec
1762 1908 2049 1991 scripsit:
2109 1908 2329 1971 ἔπειτα
2374 1909 2858 1993 κεκοσμημέναι

561 2015 875 2098 λαμπρῶς
920 2014 998 2077 αἰ
1035 2015 1512 2098 θεραπαινίδες
1555 2017 1850 2097 περιΐασι
1895 2017 2246 2092 παίζουσαι
2293 2010 2406 2078 διὰ
2445 2013 2861 2099 σκωμμάτων
2942 2006 2951 2015 ’

564 2124 659 2198 εἰς
716 2117 875 2198 τοὺς
919 2116 1369 2196 ἀπαντῶντας.
1461 2120 1706 2196 Quibus
1768 2120 2022 2185 collatis
2071 2121 2223 2204 quid
2273 2122 2360 2185 sit
2402 2116 2746 2203 ἀγείρουσι
2791 2124 2862 2187 in

567 2230 714 2293 loco
770 2230 982 2312 priore
1039 2249 1174 2293 non
1219 2212 1540 2311 apparet3'
1581 2227 1922 2310 apparebit
1967 2227 2403 2311 comparando
2452 2225 2695 2293 Cleom.
2744 2230 2860 2292 33:

567 2330 602 2399 ὁ
662 2331 787 2419 μὲν
833 2330 961 2420 γὰρ
1009 2330 1319 2416 βασιλεὺς
1363 2329 1566 2410 αὐτὸς
1612 2329 1787 2397 οὕτω
1837 2332 2209 2418 διέφθαρτο
2264 2372 2366 2417 -,
2412 2330 2583 2399 ῶστε
2632 2372 2711 2381 --
2757 2358 2855 2399 τε-

562 2438 751 2519 λετὰς
796 2448 1010 2507 τελεῖν
1049 2440 1159 2506 καὶ
1197 2438 1547 2524 τύμπανον
1587 2444 1760 2525 ἔχων
1798 2441 1873 2505 ἐν
1908 2453 2048 2517 τοῖς
2082 2444 2445 2523 βασιλείοις
2482 2437 2859 2527 ἀγείρειν;

561 2550 904 2635 praecipue
949 2549 1214 2615 Lucian.
1261 2550 1330 2613 in
1375 2548 1711 2614 Pseudom.
1765 2550 1872 2613 13:
1920 2551 2120 2613 σείων
2166 2587 2237 2596 --
2282 2544 2405 2633 τὴν
2450 2544 2667 2632 κόμην
2710 2544 2857 2614 ἅνε-

560 2681 682 2722 τον
718 2651 939 2741 ῶσπερ
979 2657 1049 2721 οἱ
1081 2657 1160 2741 τῇ
1199 2654 1395 2739 μητρὶ
1433 2649 1900 2739 ἀγείροντές
1927 2679 1998 2719 τε
2022 2653 2133 2719 καὶ
2163 2652 2604 2733 ἐνθεάζοντες.
2667 2655 2863 2722 Cron.

567 2767 676 2828 12:
725 2758 816 2839 ὥς
852 2757 1257 2845 ἀγείροιεν
1293 2763 1374 2847 τῇ
1411 2760 1610 2846 μητρὶ
1650 2758 1778 2826 σὺν
1816 2757 2047 2838 αὐλοῖς
2082 2760 2192 2826 καὶ
2229 2759 2609 2845 κυμβάλοις.
2678 2762 2857 2826 Haec

567 2871 903 2954 annotavi,
966 2870 1271 2954 quoniam
1331 2891 1537 2952 neque
1597 2869 1660 2932 h.
1706 2870 1750 2934 l.
1795 2868 2109 2952 interpres
2158 2869 2321 2933 bene
2368 2868 2670 2932 reddidit:
2726 2869 2856 2932 ‘an-

561 2978 749 3042 cillae
796 2976 1108 3042 exsultant
1151 2976 1725 3041 circumcurrentes
1772 2975 2173 3060 luduntque',
2228 2976 2411 3058 quasi
2460 2982 2633 3040 esset
2680 2971 2855 3052 ἐξάλ-

565 3091 816 3150 λονται.
872 3087 938 3148 et
980 3084 1125 3147 loco
1165 3081 1491 3147 Cleomen.
1537 3077 1893 3167 ἀγείρειν
1940 3105 2206 3165 prorsus
2255 3083 2473 3145 omisit
2519 3083 2611 3146 ita
2649 3088 2859 3147 cetera

561 3195 841 3256 vertens:
901 3191 998 3254 ‘ut
1048 3225 1124 3235 —
1175 3192 1558 3273 tympanum
1613 3193 1841 3254 tenens
1889 3189 1958 3252 in
2000 3190 2189 3274 regia·
2229 3189 2414 3274 orgia
2460 3187 2854 3253 celebraret'.

558 3292 879 3381 Ἀγείρειν
933 3296 1102 3360 idem
1158 3295 1289 3359 fere
1345 3296 1558 3360 valere
1616 3296 1867 3359 videtur
1914 3300 2108 3379 atque
2155 3290 2496 3379 περιϊόντα
2546 3294 2857 3376 ἐπαιτεῖν,

563 3400 974 3488 ἀγυρτάζειν,
1023 3398 1436 3479 δωτινάζεινε
1483 3402 1782 3486 vagando
1830 3403 2208 3486 mendicare,
2254 3403 2487 3485 stipem
2536 3402 2853 3485 colligere.

560 3511 638 3576 cf.
688 3511 912 3594 Odyss
960 3532 1022 3574 t:
1087 3502 1361 3593 χρήματ’
1413 3502 1808 3594 ἀγυρτάζειν
1861 3503 2116 3590 πολλὴν
2174 3505 2278 3572 ἐπὶ
2324 3519 2526 3590 γαῖαν
2572 3503 2741 3571 ἰόντι
2790 3510 2856 3569 et

561 3613 825 3700 ἄγυρις,
882 3611 1210 3700 «firmatis,
1266 3611 1584 3700 ἀγύρτης,
1642 3612 2134 3699 μητραγύρτης,
2182 3624 2683 3699 aurearum-³2²²·
2758 3611 2853 3678 Cf·

561 3722 1062 3806 Wyttenbachii
1091 3715 1408 3787 animadv.
1437 3723 1506 3786 in
1535 3745 1594 3806 p.
1626 3721 1711 3785 56
1742 3743 1793 3785 e.
1839 3725 1903 3783 et
1931 3719 2157 3785 Gorais
2186 3723 2255 3785 in
2283 3723 2495 3785 locum
2527 3719 2853 3783 Cleomen.

738 3827 1052 3908 Lycurgi
1098 3829 1205 3893 19:
1253 3823 1342 3904 ῶς
1386 3825 1514 3912 γὰρ
1559 3823 1635 3892 τὸ
1674 3825 1931 3909 σπέρμα
1967 3827 2104 3890 τῶν
2140 3822 2308 3910 πρὸς
2342 3822 2458 3901 τὰς
2493 3829 2857 3902 συνουσίας

560 3932 950 4001 ἀκολάστων
999 3931 1297 4017 ἄγονον
1342 3930 1431 4012 ὥς
1475 3929 1555 3999 τὰ
1601 3929 1811 3998 πολλὰ
1850 3931 1961 3996 καὶ
1999 3927 2355 4015 ἄκαρπόν
2396 3931 2598 4015 ἐστιν,
2646 3927 2859 4008 οὕτως

561 4037 602 4126 ἡ
653 4038 818 4128 πρὸς
861 4042 935 4108 τὸ
983 4047 1212 4106 λαλεῖν
1257 4036 1540 4126 ἀκρασία
1599 4035 1835 4104 κενὸν
1880 4033 1999 4103 τὸν
2046 4037 2252 4120 λόγον
2297 4051 2477 4104 ποιεῖ
2515 4037 2625 4104 καὶ
2674 4034 2856 4103 ἀνό-

565 4173 772 4232 ητον.
864 4148 957 4214 Ut
1003 4149 1345 4232 adiectiva,
1400 4149 1467 4210 in
1515 4146 1749 4231 quibus
1798 4146 1896 4209 vis
1943 4148 2011 4209 et
2055 4146 2307 4228 pondus
2354 4147 2855 4230 comparationis

565 4257 752 4339 inest,
799 4258 968 4321 inter
1015 4278 1154 4320 sese
1200 4256 1364 4319 bene
1411 4253 1872 4335 respondeant,
1931 4274 2049 4335 pro
2098 4246 2392 4337 ἀνόητον
2440 4252 2847 4317 scribendum

567 4358 986 4447 ἀνόνητον,
1043 4383 1206 4447 quae
1263 4360 1639 4443 saepissime
1693 4364 2163 4442 permutantur.
2257 4359 2483 4461 Orpnis
2533 4359 2851 4422 dubitatio

563 4470 865 4536 eximitur
919 4470 996 4532 cf.
1041 4492 1108 4554 p.
1154 4468 1283 4530 503
1315 4489 1374 4530 c:
1431 4467 1564 4532 τῶν
1622 4463 1744 4550 μὲν
1790 4463 1917 4551 γὰρ
1962 4462 2131 4550 πρὸς
2174 4462 2293 4541 τὰς
2342 4469 2706 4540 συνουσίας
2750 4458 2853 4528 εύ-
