3200 5175
1603 359 1677 370 --
1774 339 1899 387 VIII
1997 357 2066 369 --

688 496 811 566 τόν
860 504 1038 587 agat:
1084 500 1140 566 is
1186 500 1442 565 demum
1489 499 1749 568 criticae
1808 499 1936 564 arti
1989 499 2337 585 plurimum
2390 498 2727 586 profuerit.
2816 499 2979 567 Eius

689 612 908 673 tamen
953 607 1368 692 perfectionis
1415 608 1706 694 gradum,
1750 629 1877 693 quo
1931 609 2145 674 minus
2192 629 2616 692 assequamur
2661 611 2729 672 et
2772 609 2983 674 nostri

690 715 879 780 nobis
924 715 1186 779 innatus
1225 735 1407 780 amor
1447 719 1512 780 et
1557 715 1823 781 omnino
1860 717 2093 780 natura
2135 717 2361 780 nostra
2396 713 2685 799 impedit.
2759 712 2981 781 Nihilo

690 821 902 886 minus
946 820 1326 905 prudentiae
1371 825 1490 906 est,
1536 843 1730 906 quam
1787 820 2257 888 Demosthenes
2314 821 2725 888 commendat
2776 822 2980 887 incre·

691 927 1032 992 dulitatem
1077 949 1213 994 non
1258 928 1572 1012 oblivisci,
1610 928 1733 992 nisi
1770 928 2065 993 volumus
2098 929 2168 992 in
2208 929 2380 993 aliud
2417 927 2703 993 eiusdem
2740 927 2981 993 dictum

690 1034 1042 1098 incurrere:
1069 1027 1148 1098 “O
1181 1056 1282 1110 τις
1307 1031 1619 1116 βούλεται
1654 1027 1851 1100 τοῦθ’
1894 1032 2167 1111 ἕκαστος
2198 1032 2309 1099 καὶ
2347 1040 2571 1100 οἴεται.
2610 1071 2695 1082 -
2732 1032 2981 1110 Quibus

695 1140 995 1204 omnibus
1060 1141 1348 1206 munitus
1409 1141 1466 1206 si
1535 1142 1679 1226 quis
1750 1139 1903 1226 quid
1964 1141 2355 1225 peccaverit,
2424 1141 2654 1206 saltem
2723 1161 2981 1206 excusa·

693 1247 939 1311 tionem
985 1246 1268 1332 aliquam
1316 1269 1356 1312 a
1400 1250 1639 1312 natura
1681 1247 1967 1313 humana
2009 1247 2280 1313 habebit
2324 1269 2527 1332 eoque
2572 1247 2798 1333 magis,
2836 1269 2982 1314 cum

693 1351 859 1417 nihil
905 1373 1144 1437 eorum,
1189 1373 1352 1437 quae
1391 1351 1675 1417 cavenda
1719 1353 1977 1437 fuerint,
2002 1354 2371 1439 neglexisse
2411 1374 2479 1418 se
2524 1353 2982 1419 sibieconscius

694 1459 908 1525 fuerit.
991 1456 1186 1524 Certo
1232 1459 1472 1524 multos
1507 1458 1851 1545 poenituit,
1895 1459 2068 1546 quod
2106 1481 2223 1526 sua
2258 1459 2619 1526 tentamina
2660 1460 2729 1524 in
2775 1459 2983 1524 lucem

690 1565 912 1629 efferre
965 1564 1159 1630 nimis
1215 1565 1697 1649 festinaverint3
1764 1587 1875 1632 eos
1938 1588 2089 1632 vero
2099 1616 2119 1651 ‚
2181 1567 2251 1632 in
2306 1567 2538 1652 quibus
2595 1569 2856 1632 tantum
2918 1569 2982 1631 et

690 1671 1046 1737 voluntatis
1106 1676 1173 1738 et
1233 1672 1668 1738 continentiae
1722 1677 1889 1757 erat,
1941 1677 2017 1738 ut
2068 1673 2140 1738 in
2191 1672 2477 1738 medium
2530 1693 2663 1738 non
2708 1693 2786 1736 ea
2836 1694 2977 1757 pro-

689 1778 937 1844 ferrent
981 1779 1344 1858 conamina,
1392 1779 1469 1843 de
1517 1779 1751 1864 quibus
1796 1779 1923 1862 ipsi
1960 1780 2155 1845 etiam
2198 1779 2617 1860 haesitarent,
2651 1799 2799 1844 raro
2842 1779 2970 1860 opi-

688 1907 810 1950 nor
855 1884 1200 1969 poenituit.
1281 1884 1485 1950 Amor
1541 1888 1763 1951 tamen
1816 1886 2027 1951 nostri
2084 1907 2159 1951 eo
2214 1907 2415 1972 usque
2472 1906 2663 1970 saepe
2715 1903 2969 1970 progre-

696 1991 885 2074 ditur,
929 1994 1003 2055 ut
1045 2012 1128 2055 ne
1175 1990 1490 2056 eiusmodi
1537 1989 1795 2075 quidem
1840 1991 2053 2056 foetus
2104 1992 2360 2057 abiciat.

869 2095 1276 2183 Quamquam
1312 2096 1500 2162 valde
1545 2119 1789 2178 vereor,
1834 2118 1918 2163 ne
1954 2099 2025 2163 in
2061 2120 2164 2164 me
2200 2098 2427 2163 cadere
2463 2097 2776 2182 videatur,
2812 2096 2982 2183 quod

695 2204 850 2269 olim
887 2201 1192 2288 Spartani
1229 2202 1328 2266 illi
1364 2203 1437 2267 in
1471 2202 1729 2268 theatro
1771 2203 1849 2268 de
1884 2203 2391 2270 Atheniensibus
2430 2204 2749 2270 dixerant:
2800 2208 2981 2269 ἴσασι

689 2307 815 2395 μὲν
860 2311 932 2375 οἰ
971 2305 1321 2393 Ἀθηναῖοι
1365 2305 1448 2375 τὰ
1494 2307 1689 2393 καλά,
1735 2305 1819 2376 οὐ
1862 2307 2241 2393 πράσσουσι
2286 2309 2379 2376 δέ.
2462 2309 2587 2376 Sed
2624 2309 2786 2375 mihi
2828 2309 2985 2392 qu'o-

691 2439 814 2502 que
861 2417 1104 2502 aliquid
1151 2416 1367 2482 solatii
1415 2421 1481 2482 et
1525 2418 1963 2483 excusationis
2008 2440 2143 2483 non
2190 2417 2413 2484 deerit.

867 2521 1035 2589 Utut
1077 2545 1180 2589 res
1233 2545 1300 2589 se
1343 2523 1562 2608 habet,
1608 2524 1664 2588 si
1710 2521 1864 2608 quid
1908 2522 2067 2588 boni
2112 2523 2185 2589 in
2219 2522 2383 2587 meis
2422 2521 2984 2588 emendationibus

689 2631 1066 2715 reperiatur,
1113 2630 1180 2695 id
1226 2652 1360 2696 non
1403 2630 1703 2717 ingenie,
1760 2630 1939 2695 cuius
1994 2629 2065 2695 in
2118 2650 2221 2694 me
2275 2651 2430 2714 prae
2486 2630 2630 2696 aliis
2676 2630 2988 2714 quantula

690 2759 842 2823 pars
891 2738 977 2802 sit
1023 2758 1143 2823 ego
1190 2738 1438 2822 primus
1485 2736 1727 2822 sentio,
1772 2737 2186 2801 tribuendum
2232 2740 2359 2821 est;
2410 2736 2521 2801 sed
2566 2736 2683 2801 uni
2726 2740 2987 2801 tantum

691 2844 804 2928 rei,
850 2844 922 2907 in
968 2866 1096 2930 qua
1142 2844 1296 2911 licet
1339 2844 1562 2909 multis
1610 2858 1909 2909 meorum
1942 2843 2352 2928 popularium
2389 2842 2630 2922 cedam,
2676 2864 2711 2907 e
2754 2843 2983 2909 ceteris

691 2954 914 3015 tamen
965 2951 1212 3017 nemini
1265 2952 1368 3018 vel
1429 2952 1711 3017 maximo
1765 2950 2131 3036 philologo;
2198 2950 2447 3035 copiae,
2500 2950 2794 3034 inquam,
2847 2971 2984 3015 ver-

693 3056 949 3140 borum,
1010 3079 1204 3142 quam
1261 3057 1423 3122 mihi
1475 3059 1698 3143 lingua
1749 3056 1967 3141 patria
2020 3055 2404 3142 suppeditat.
2503 3056 2805 3122 Fortasse
2858 3056 2985 3121 hoc

695 3184 832 3228 non
881 3162 1041 3229 satis
1090 3165 1452 3246 opportune
1497 3165 1736 3229 iactare
1783 3161 2075 3246 videb0r3
2119 3162 2397 3227 fortasse
2442 3166 2662 3227 tamen
2706 3164 2773 3227 et
2818 3162 2989 3227 utili-

691 3269 847 3333 tatis
916 3269 1158 3354 aliquid
1230 3273 1296 3335 et
1359 3269 1834 3335 adhortationis
1894 3268 2119 3334 multis
2190 3290 2224 3332 e
2280 3269 2683 3335 nostratibus
2748 3269 2989 3353 afferet,

693 3399 856 3462 quos
901 3398 1024 3463 ego
1071 3375 1312 3441 criticis
1359 3376 1588 3441 studiis
1635 3377 1781 3460 plus
1828 3375 2080 3440 deditos
2127 3374 2339 3441 velim.
2416 3373 2594 3441 Haec
2642 3375 2816 3441 enim
2852 3378 2988 3440 stu-

693 3484 818 3568 dia,
863 3485 1156 3569 quamvis
1203 3484 1332 3549 iam
1377 3483 1631 3568 pridem
1676 3483 1747 3548 in
1801 3483 2051 3567 reliqua
2098 3482 2365 3566 Europa
2420 3482 2596 3547 culta
2638 3482 2879 3548 fuerint
2922 3485 2990 3549 et

691 3610 863 3655 nunc
909 3612 1162 3675 quoque
1207 3591 1430 3656 multis
1477 3589 1659 3656 cordi
1705 3590 1865 3675 sint,
1919 3611 2142 3655 verum
2199 3593 2419 3655 tamen
2472 3589 2680 3654 multa
2736 3588 2985 3674 graecis

691 3696 1042 3761 lectoribus
1089 3697 1313 3762 relicta
1357 3700 1510 3763 sunt
1555 3700 1670 3762 aut
1720 3697 2097 3783 corrigenda
2144 3700 2258 3762 aut
2292 3696 2690 3781 explicanda.

1543 4020 1704 4029 *—
