3200 5175
15 4809 27 5038 *···.=*-·fflr<-n-
15 4721 23 4802 —4->-
16 4705 18 4708 Δ
16 4689 18 4696 n

1459 265 1897 334 -56-

539 447 881 534 Πομπίον’
938 445 1158 532 Steph.
1204 445 1516 512 Themist.
1568 446 1652 512 12
1707 445 1860 510 libri
1913 445 2209 510 Τενεδία.
2298 441 2509 528 Τηνία
2554 443 2850 510 correxit

540 556 896 623 Palmerius
934 577 1013 620 ex
1050 552 1291 618 Herod.
1319 551 1498 637 VIII,
1526 552 1631 619 82.
1700 551 1811 618 14:
1858 547 2163 628 Πεδιεύς.
2208 551 2408 616 Recte
2446 547 2847 616 Sintenisius

541 665 762 730 ‘immo
820 655 1220 746 Πειραιεύς’.
1308 658 1550 744 Poplic.
1612 659 1720 724 16:
1785 652 2202 742 Λουκρήτιος
2264 655 2489 722 ‘immo
2545 651 2849 741 Λάρτιος

543 793 693 838 cum
735 769 920 836 Livio
967 769 1083 834 aut
1118 761 1413 850 Λάρκιος
1457 787 1606 832 cum
1640 763 1981 848 Dionysio’
2030 762 2197 830 Sint.
2240 763 2524 830 Marcell.
2561 763 2651 828 24
2700 758 2851 827 Φά-

538 898 696 980 βιον
755 889 994 978 (codd.)
1043 921 1128 945 -ε
1179 886 1558 975 Φούλβιον,
1610 891 1653 957 i.
1698 912 1751 956 e.
1796 875 2115 957 ΦᾸΒΙΟΝ.
2204 887 2481 974 Lysand.
2536 888 2616 953 15
2656 881 2851 971 Ἀγα-

541 1001 902 1087 μέμνονοςε
943 992 1365 1084 Ἀγάμνονος.
1439 997 1596 1064 Sull.
1643 996 1687 1063 5
1732 990 2118 1074 Χαλκιδεύς.
2189 992 2430 1060 Veram
2474 994 2621 1060 lect.
2666 999 2849 1060 Χαλ-

541 1110 733 1184 δαῖος
784 1106 1022 1173 Coraes
1085 1105 1342 1190 reperit.
1425 1103 1622 1190 Ages.
1680 1104 1765 1169 37
1832 1095 2259 1185 Νεκτάναβιν
2323 1100 2516 1166 initio
2578 1104 2851 1166 tantum

540 1214 811 1301 praebet
853 1211 992 1277 cod.
1037 1209 1098 1275 A
1112 1262 1132 1296 ‚
1186 1209 1415 1276 deinde
1459 1212 1863 1281 constanter:
1923 1206 2280 1291 Νὲκταβιν.
2370 1206 2694 1274 Cleomen.
2759 1211 2849 1276 19

550 1315 1012 1406 Τριτύμαλλον
1059 1347 1142 1371 ---
1197 1318 1534 1401 Τρίπνλον
1583 1313 1793 1402 (Arat.
1841 1314 1975 1402 41).
2058 1316 2145 1381 22
2186 1309 2570 1398 Ἀγιάτιδος.
2642 1314 2851 1382 Codd.

525 1421 814 1511 Ἄγιδος.
902 1422 1104 1491 Cicer.
1150 1424 1236 1490 48
1301 1422 1685 1498 Ποπίλλιος.
1778 1419 1987 1489 Codd:
2052 1418 2421 1509 Πόλ(λ)ιος.
2512 1422 2704 1489 Dion.
2759 1423 2845 1488 19

534 1546 980 1636 Ἀρίστιπποςε
1051 1544 1336 1634 ἄριππος
1391 1546 1455 1612 h.
1515 1567 1565 1611 e.
1634 1530 1987 1613 ΑΡῙῙΤΠΟ(
2043 1545 2122 1612 cf.
2178 1567 2241 1631 p.
2300 1546 2424 1611 781
2458 1567 2511 1611 e.
2584 1548 2651 1610 et
2704 1567 2851 1611 sex·

547 1661 737 1722 centa
782 1656 928 1721 alia.

719 1796 813 1862 Iis
862 1795 918 1860 si
964 1794 1592 1880 anorthographiam
1630 1794 2015 1879 adiunxeris,
2060 1793 2250 1860 facile
2288 1795 2585 1881 intellegi
2622 1798 2846 1880 potest

546 1903 870 1993 quomodo
927 1900 1137 1966 adhuc
1192 1903 1484 1966 monstra
1542 1901 1859 1966 nonnulla
1913 1901 1983 1966 in
2028 1901 2212 1966 libris
2260 1903 2537 1967 alantur.
2628 1899 2748 1967 Ex.
2794 1923 2847 1968 c.

543 2036 607 2099 p.
654 2012 780 2076 277
812 2009 855 2074 b
901 2028 1021 2093 pro
1069 2006 1426 2072 Εἰλείθυια
1472 2007 1540 2082 in
1589 2008 1891 2074 omnibus
1938 2007 2118 2073 codd.
2165 2007 2472 2073 scribitur
2516 2006 2845 2074 Εἰλιονία.

548 2121 563 2185 Ι
597 2147 684 2172 ===
712 2119 795 2182 ΕΙ.
875 2113 1029 2180 Sim.
1075 2135 1135 2198 p.
1178 2113 1309 2182 380
1338 2113 1407 2178 b:
1448 2106 1765 2192 Ἰδιθύας.
1828 2136 1890 2197 p.
1928 2114 2056 2180 873
2087 2113 2128 2178 d
2175 2115 2577 2190 Δείπνιστος
2608 2110 2845 2198 (codd.)

547 2257 632 2279 =
673 2217 1106 2308 Ἀρίμνηστος
1161 2217 1247 2307 (v.
1293 2243 1456 2306 quae
1504 2220 1596 2291 ad.
1630 2244 1691 2307 p.
1738 2221 1827 2286 34
1852 2221 1897 2286 f.
1954 2219 2312 2308 annotavi).
2386 2219 2484 2287 Cf.
2530 2243 2593 2306 p.
2635 2221 2759 2286 169
2789 2220 2851 2306 b,

544 2331 661 2396 ubi
717 2351 942 2395 omnes
999 2327 1214 2394 codd:
1276 2323 1888 2412 Γλαυκεοράβδοις,
1944 2328 2115 2393 unde
2162 2327 2508 2394 Canterus:
2569 2328 2848 2410 Γλαῦκε,

550 2433 698 2524 ὅρα,
733 2431 973 2521 βαθύς.
1029 2434 1211 2499 Alibi
1246 2455 1366 2519 pro
1405 2429 1651 2500 ἑαυτόν
1692 2433 2019 2499 scribitur:
2056 2435 2133 2499 αι’
2164 2429 2391 2499 αὐτόν.
2454 2433 2665 2499 Multa
2702 2434 2845 2501 alia.

724 2577 794 2645 C.
830 2577 870 2643 9
922 2573 1010 2663 (p.
1054 2575 1178 2643 153
1207 2572 1307 2662 b):
1352 2575 1489 2642 τῶν
1535 2570 1598 2641 δ’
1644 2569 1869 2643 ἄλλων
1903 2570 1944 2661 ἡ
1984 2570 2109 2661 μὲν
2144 2573 2294 2662 περὶ
2330 2575 2519 2643 θεῶν
2554 2574 2666 2642 καὶ
2703 2577 2843 2643 δαι-

552 2681 785 2774 μόνων
831 2679 1178 2769 ἀπόκρισις
1222 2681 1482 2769 θράσος
1528 2685 1661 2769 ἔχει
1706 2680 1817 2748 καὶ
1862 2684 2223 2767 κίνδυνον,
2268 2677 2549 2767 ἀλογίαν
2598 2680 2673 2749 δὲ
2716 2683 2849 2751 καὶ

544 2787 856 2877 πολλὴν
915 2784 957 2875 ἡ
1017 2786 1171 2876 περὶ
1228 2789 1348 2875 τῆς
1403 2786 1621 2874 τύχης.
1712 2789 1931 2875 Wytt:
1996 2788 2243 2855 ‘malim
2296 2784 2581 2874 ἀλογίαν
2646 2789 2728 2856 δέ
2776 2814 2851 2874 γε

545 2894 802 2983 πολλήν
861 2901 935 2965 ut
987 2896 1280 2984 Exempl.
1335 2896 1613 2963 Turneb.
1675 2895 1963 2983 Vulgato
2024 2897 2221 2963 etiam
2281 2897 2467 2982 pejus
2524 2897 2599 2963 Τ.
2643 2897 2723 2965 U.
2769 2898 2846 2963 B.

547 3000 832 3088 ἀλογίαν
886 3027 961 3087 γε
1017 3001 1128 3068 καὶ
1174 2999 1474 3087 πολλήν’.
1562 3003 1867 3070 Reiskius
1910 2999 2168 3088 πολλήν
2210 3004 2283 3069 in
2328 2999 2593 3090 πλάνην
2638 3008 2848 3071 muta-

547 3112 673 3196 vit,
732 3110 904 3195 quod
948 3108 1316 3175 Hercherus
1373 3114 1473 3176 est
1527 3110 1883 3194 amplexus.
1928 3146 2011 3157 --
2061 3108 2415 3195 Vulgatam
2477 3111 2722 3195 optime
2782 3134 2853 3177 se

546 3218 786 3283 habere
847 3216 1036 3301 duco;
1094 3216 1352 3301 plenius
1411 3215 1645 3281 dixerit
1699 3217 1874 3302 quis:
1930 3210 2211 3300 ἀλογίαν
2257 3212 2330 3282 δὲ
2376 3216 2505 3283 καὶ
2550 3214 2854 3302 ταύτην

545 3318 877 3408 πολλήν,
921 3322 1025 3388 vel
1069 3322 1180 3389 καὶ
1217 3318 1475 3407 πολλήν
1511 3346 1584 3407 γε
1626 3319 1741 3409 (ιο.
1776 3317 2109 3410 ἀλογίαν),
2153 3323 2258 3389 vel
2302 3320 2413 3389 καὶ
2448 3323 2657 3389 ταῦτα
2692 3327 2853 3389 πολ-

546 3429 673 3515 λήν
727 3430 770 3495 i.
817 3451 870 3495 e.
924 3434 983 3495 et
1031 3432 1276 3514 quidem
1331 3428 1463 3517 (vel
1518 3432 1586 3495 et
1642 3451 1786 3495 eam
1841 3429 2128 3515 quidem:
2194 3434 2260 3495 et
2313 3452 2484 3496 eam:
2550 3427 2847 3525 eamque)

547 3557 871 3622 magnam.
979 3536 1169 3603 Hanc
1231 3541 1452 3603 tamen
1515 3537 1871 3623 particulae
1934 3539 2054 3602 καί
2109 3538 2428 3605 rationem
2492 3537 2728 3603 mirum
2784 3536 2856 3601 in

549 3644 814 3709 modum
879 3642 1266 3727 interpretes
1330 3644 1438 3709 hic
1500 3643 1636 3709 illic
1698 3665 1835 3710 non
1899 3643 2385 3731 intellexerunt,
2461 3665 2855 3731 quamquam

551 3748 834 3816 occurrit
888 3747 1061 3833 apud
1106 3747 1580 3834 Thucydidem,
1640 3748 1920 3815 occurrit
1964 3750 2135 3835 apud
2177 3750 2537 3835 Platonem,
2582 3754 2851 3818 ceteros.

553 3855 872 3923 Omnibus
928 3854 1092 3920 locis
1145 3854 1290 3920 vitii
1347 3855 1593 3939 aliquid
1647 3856 1729 3921 iis
1788 3855 2059 3924 subolet.
2152 3857 2399 3942 Operae
2454 3856 2658 3943 igitur
2707 3879 2853 3943 pre-

547 3965 713 4030 tium
769 3964 869 4029 est
920 3983 1127 4047 pauca
1185 3961 1480 4047 exempla
1535 3962 1781 4029 afferre.
1872 3962 1951 4029 In
1995 3962 2159 4031 Plat.
2204 3965 2393 4049 Apol.
2440 3986 2501 4049 p.
2553 3965 2633 4030 18
2665 3964 2708 4029 b
2765 3966 2853 4030 le-

552 4074 797 4155 guntur
840 4069 1028 4135 haec:
1075 4067 1242 4154 ἑμοῦ
1287 4064 1417 4153 γὰρ
1453 4066 1689 4135 πολλοὶ
1725 4065 2085 4155 κατήγοροι
2120 4070 2439 4154 γεγόνασι
2474 4064 2643 4156 πρὸς
2678 4064 2855 4155 ὑμᾶς

557 4216 630 4225 -
682 4175 811 4243 καὶ
869 4170 1076 4243 οὐδὲν
1121 4169 1370 4260 ἀληθὲς
1413 4175 1723 4261 λέγοντες
1766 4177 1807 4242 i.
1854 4197 1906 4241 e.
1950 4174 2063 4241 καὶ
2111 4172 2194 4261 δὴ
2240 4173 2602 4261 κατήγοροι
2649 4172 2855 4243 οὐδὲν

550 4279 652 4350 ἀλ.
696 4281 1018 4368 λέγοντες.
1093 4284 1173 4350 cf.
1215 4307 1278 4369 p.
1324 4284 1437 4350 22:
1501 4280 1743 4349 πολλαὶ
1798 4276 2148 4367 ἀπέχθειαι
2193 4278 2511 4367 γεγόνασι
2554 4280 2667 4347 καὶ
2715 4275 2853 4349 οἷαι

549 4393 592 4459 i.
638 4412 690 4457 e.
735 4388 847 4457 καὶ
890 4390 1194 4457 τοιαῦται
1239 4382 1589 4474 ἀπέχθειαι
1636 4380 1791 4455 οἷαι.
1853 4413 1919 4475 Ρ.
1957 4390 2042 4457 28
2072 4413 2141 4457 a:
2186 4382 2229 4455 ἃ
2279 4385 2363 4475 δὴ
2408 4385 2701 4468 πολλοὺς
2737 4390 2849 4457 καὶ
