3200 5175
1566 343 2004 408 -32-

631 520 794 585 mihi
837 542 1091 606 quoque
1135 541 1272 585 non
1306 520 1681 585 incredibile
1718 519 1857 585 est?
1940 518 2306 606 Madvigius
2345 519 2752 585 scribendum
2796 543 2949 585 mo-

628 628 796 691 nuit:
851 630 1165 710 γενναίας
1223 622 1414 693 κατὰ
1458 625 1542 692 τὸ
1589 622 1907 710 κάλλος,
1963 629 2139 693 ouius
2176 647 2371 711 yenus
2403 626 2952 709 pulchritudinem

629 740 943 818 aequaret,
1007 757 1203 820 quam
1249 736 1586 800 notionem
1632 734 1804 799 haud
1850 734 2037 800 facile
2083 736 2156 799 in
2209 735 2423 800 verbis
2468 734 2683 799 inesse
2727 737 2950 819 patet.

626 839 823 906 Ratio
863 844 1078 906 autem
1119 863 1359 926 eorum,
1405 843 1514 927 qui
1550 842 1747 906 verba.
1784 841 2053 907 delenda
2088 845 2480 908 monuerunt
2514 841 2691 906 nullo
2729 840 2945 906 modo

629 949 1035 1032 comprobari
1072 951 1318 1035 potest3
1357 972 1510 1015 nam
1546 970 1757 1034 neque
1792 948 1959 1015 unde
1996 949 2181 1013 illata.
2218 949 2351 1013 sint
2388 947 2686 1031 ostendit,
2714 968 2945 1033 neque

633 1077 708 1121 eo
757 1055 930 1140 quod
975 1055 1358 1139 interpretes
1405 1077 1483 1121 ea.
1529 1056 1885 1121 omiserunt
1930 1055 2088 1120 satis
2127 1055 2521 1140 defenditur:
2565 1078 2693 1140 quo
2731 1054 2945 1121 modo

629 1161 803 1225 enim
848 1161 1064 1246 verba,
1110 1184 1274 1246 quae
1311 1182 1503 1230 nemo
1549 1162 1956 1227 intellexerat
1993 1184 2201 1246 neque
2238 1163 2612 1248 intellegere
2648 1165 2945 1247 poterat,

635 1266 815 1331 reddi
842 1268 1156 1351 possent?
1193 1267 1543 1352 Librarius,
1564 1292 1667 1334 me
1688 1269 1914 1353 iudice,
1937 1271 2107 1354 quod
2135 1270 2204 1334 in
2223 1270 2574 1354 archetypo
2594 1268 2946 1334 invenerat

637 1373 1142 1457 ΚΑΙΤΟΚΑΛΟΕ,
1189 1375 1231 1439 i.
1271 1398 1322 1441 e.
1359 1372 1470 1441 καὶ
1505 1371 1581 1441 τὸ
1628 1371 1852 1459 κάλος,
1889 1377 2267 1462 corrigendo
2305 1379 2381 1441 ut
2416 1379 2944 1442 consentaneum

629 1519 767 1580 erat
795 1516 1162 1601 descripsit:
1189 1514 1320 1583 καὶ
1357 1514 1441 1582 τὸ
1479 1514 1799 1601 κάλλος,
1828 1540 1975 1584 cum
2004 1519 2354 1583 debuisset:
2387 1494 2505 1584 ΚΑῙ
2533 1493 2941 1597 ΤΟΚᾸΔΟΕ,

623 1622 937 1707 fecundae,
973 1623 1012 1689 i.
1043 1646 1096 1689 e.
1122 1626 1329 1708 καλῆς
1363 1622 1476 1689 καὶ
1505 1627 1823 1709 γενναίας
1848 1622 1961 1690 καὶ
1986 1624 2326 1702 τοκάδος
2352 1621 2695 1707 γυναικός.
2736 1624 2942 1690 Nunc

626 1729 891 1794 tandem
919 1732 1202 1815 genuina
1232 1732 1550 1816 scriptura
1579 1736 1836 1817 reperta
1863 1731 2054 1798 facile
2082 1733 2455 1817 explicatur,
2497 1753 2611 1796 cur
2641 1730 2935 1796 Alexan-

629 1836 742 1900 der
786 1837 988 1901 tantis
1027 1840 1255 1922 totque
1299 1859 1528 1924 regum
1565 1839 1717 1903 filiis
1763 1839 2021 1904 viduam
2065 1837 2405 1904 Barsinem
2463 1838 2934 1921 anteposuerit.

812 1977 923 2043 75:
979 1972 1015 2043 ὁ
1077 1973 1140 2043 δ’
1193 1968 1319 2046 οὖν
1359 1974 1793 2065 Ἀλέξανδρος
1844 2016 1919 2027 -
1972 1976 2362 2066 ταραχώδης
2408 1977 2774 2064 γενόμενος
2820 1978 2939 2045 καὶ

627 2087 994 2169 περίφοβος
1038 2079 1164 2169 τὴν
1211 2082 1547 2168 διάνοιαν,
1595 2081 1798 2152 οὐδὲν
1844 2075 1930 2169 ἦν
1967 2082 2211 2173 μικρὸν
2257 2082 2471 2163 οὕτως
2504 2086 2643 2152 τῶν
2680 2081 2935 2171 ἀήθων

625 2189 737 2256 καὶ
783 2187 1067 2275 ἀτόπων,
1105 2185 1141 2257 ὃ
1181 2188 1271 2276 μὴ
1314 2191 1510 2277 τέρας
1554 2191 1839 2259 ἐποιεῖτο
1884 2191 1996 2259 καὶ
2044 2204 2321 2278 σημεῖον
2363 2230 2467 2258 --.
2518 2188 2748 2271 Οὕτως
2794 2189 2935 2280 ἄρα

627 2294 859 2364 δεινὸν
918 2295 1040 2383 μὲν
1095 2293 1366 2365 ἀπιστία
1421 2296 1588 2386 πρὸς
1634 2296 1715 2365 τὰ
1758 2306 1926 2374 θεῖα,
1972 2298 2083 2366 καὶ
2128 2296 2631 2385 καταφρόνησις
2676 2295 2933 2384 αὐτῶν,

626 2436 852 2526 δεινὴ
924 2436 987 2506 δ’
1059 2432 1298 2519 αὖθις
1356 2436 1399 2526 ἡ
1459 2442 2065 2527 δεισιδαιμονία
2132 2444 2368 2527 δίκην
2442 2437 2734 2520 ῦδατος
2783 2416 2933 2510 'Aet'

621 2544 815 2633 πρὸς
869 2547 953 2614 τὸ
1014 2538 1649 2634 ταπεινούμενον
1705 2547 1835 2615 καὶ
1890 2542 2410 2636 ἀναπληροῦν
2462 2543 2932 2637 ἀβελτερίας

623 2651 752 2719 καὶ
799 2654 1056 2740 φόβου
1092 2652 1231 2721 τόν
1271 2651 1793 2743 Ἁλέξανδρον
1835 2653 2291 2742 γενόμενον.
2371 2656 2545 2724 Loco
2583 2658 2927 2744 desperato

623 2762 788 2826 nihil
841 2763 1146 2847 praesidii
1191 2765 1293 2828 est
1345 2784 1554 2847 neque
1599 2765 1670 2828 in
1712 2765 2363 2849 interpretutionibus
2408 2786 2617 2850 neque
2663 2765 2733 2830 in
2770 2787 2929 2831 eon-

622 2868 900 2934 iecturis.
992 2867 1231 2935 Goraes
1295 2870 1458 2936 haec
1529 2871 1861 2957 ascripsit:
1937 2866 2041 2937 ὅτι
2104 2867 2229 2956 μὲν
2303 2867 2427 2938 οὐκ
2492 2870 2774 2958 ἔρῤωται
2848 2867 2923 2939 τὸ

621 2978 873 3061 χωρίον
910 2974 1020 3041 καὶ
1056 2977 1285 3065 τυφλῷ
1327 2977 1561 3060 δῆλον·
1610 2973 1801 3043 ἄλλοι
1840 2967 1903 3042 δ’
1946 2972 2163 3055 ἄλλως
2204 2973 2366 3044 αὐτὸ
2408 2978 2743 3065 διορθοῦν
2781 2979 2925 3046 ἐπε-

624 3079 936 3166 βάλοντο,
985 3085 1054 3149 οί
1094 3080 1218 3170 μὲν
1267 3086 1411 3150 δεῖν
1457 3081 1746 3171 γράφειν
1790 3084 2181 3170 φάσκοντες,
2218 3079 2312 3150 Ἡ
2346 3087 2389 3151 δ
2400 3103 2538 3152 εισ.
2590 3087 2647 3152 δ.
2692 3082 2755 3153 ῦ.
2792 3085 2923 3154 ἀεὶ

620 3210 685 3255 π.
741 3214 796 3256 τ.
850 3212 1013 3255 ταπ.
1071 3189 1362 3278 ῥέουσα
1420 3188 1549 3257 καὶ
1603 3187 2171 3282 ἀναπληροῦσα
2225 3193 2380 3259 τῶν
2435 3193 2921 3279 γενομένων,

622 3290 745 3362 οὐκ
801 3291 932 3361 οἶδ’
985 3292 1165 3376 ὅπως
1210 3299 1672 3385 συναρτῶντες
1719 3335 1833 3365 -.
1906 3300 1977 3365 οἱ
2027 3299 2133 3383 δέ,
2196 3295 2288 3364 Ἡ
2334 3300 2522 3366 δεισ.
2582 3302 2641 3366 δ.
2686 3297 2750 3367 ῦ.
2796 3297 2921 3368 ἀεὶ

618 3425 684 3469 π.
730 3426 784 3469 τ.
829 3426 992 3470 ταπ.
1028 3403 1160 3471 καὶ
1204 3402 1583 3482 κάταντες
1628 3403 1955 3490 ῥέουσα,
1992 3401 2453 3492 ἀβελτερίας
2493 3405 2624 3472 καὶ
2670 3432 2739 3493 φ.
2776 3405 2919 3475 τὸν

614 3503 752 3575 'AL
799 3505 1282 3599 ἀνεπλήρου,
1328 3512 1545 3588 καλῶς
1590 3509 1717 3597 μὲν
1757 3514 1850 3602 τῷ
1899 3513 2027 3602 νῷ,
2074 3507 2198 3578 οὐκ
2242 3508 2537 3597 ἀσφαλεῖ
2584 3511 2660 3579 δὲ
2707 3552 2790 3562 —
2840 3515 2918 3601 τῇ

617 3620 974 3704 θεραπείᾳ·
1035 3614 1230 3684 ἄλλοι
1299 3615 1373 3683 δὲ
1436 3615 1996 3706 παραβολώτερον
2044 3657 2129 3668 —-
2183 3617 2347 3704 πυρὶ
2408 3616 2484 3685 τὸ
2550 3617 2917 3706 λεγόμενον

617 3719 728 3787 καὶ
786 3720 1038 3810 σιδήρῳ
1102 3721 1509 3810 θεραπεύειν
1575 3723 1997 3812 ἐθάρρησαν,
2059 3723 2465 3815 γράφοντες,
2524 3723 2678 3792 Καὶ
2731 3751 2915 3811 μαν-

617 3826 1017 3896 τευόντων
1061 3826 1353 3914 μεστὸν
1398 3819 1495 3915 ἦν
1557 3827 1643 3898 τὸ
1705 3834 2149 3918 βασίλειον,
2192 3830 2323 3898 καὶ
2370 3828 2914 3920 ἀναπληρούν-

616 3960 774 4002 των
819 3932 1283 4025 ἀβελτερίας
1325 3936 1456 4003 καὶ
1501 3935 1765 4023 φόβου
1805 3935 1949 4006 τὸν
1990 3935 2213 4021 Ἀλέξ.
2271 3936 2518 4018 οῦτως
2561 3937 2713 4027 ἄρα
2758 3942 2913 4007 δει-

618 4039 762 4109 νὸν
804 4040 948 4129 μὲν
993 4039 1317 4110 ἀπιστία
1360 4081 1437 4092 -—
1469 4040 1628 4129 -ἡ
1667 4047 2269 4132 δεισιδαιμονία
2307 4049 2364 4114 δ.
2401 4043 2517 4114 ῦδ.
2555 4044 2678 4114 ἀεὶ
2720 4063 2913 4135 προς

616 4144 701 4215 τὸ
747 4172 1043 4217 ταπειν.
1108 4147 1767 4238 παραγενόμενον
1814 4151 2195 4241 (Reiskius).
2286 4155 2436 4221 Τῶν
2491 4155 2574 4222 δέ
2620 4181 2723 4234 τις
2767 4151 2908 4241 ἐμοὶ

617 4260 838 4340 φίλων
885 4252 1234 4343 ὁμογενῶν
1270 4299 1381 4343 -,
1431 4255 1680 4344 Δεινὴ
1728 4255 1791 4325 δ’
1844 4250 1957 4326 αὖ.
1994 4255 2035 4346 ἡ
2076 4263 2269 4328 δεισ.
2306 4264 2365 4328 δ.
2401 4257 2515 4328 ῦδ.
2562 4257 2684 4328 ἀεὶ
2719 4260 2909 4351 πρὸς

614 4365 714 4452 τῷ
752 4367 1184 4432 ταπεινοῦν
1218 4363 1346 4432 καὶ
1383 4359 1953 4452 ἀναπληροῦσα
1997 4363 2115 4451 ἀβ.
2148 4392 2208 4433 κ.
2244 4392 2314 4452 φ.
2352 4364 2492 4435 τὸν
2532 4363 2789 4454 'Al-⁵¹3„
2832 4365 2905 4434 τὸ

612 4470 730 4556 τῆς
775 4507 858 4517 -
907 4472 1185 4566 μετοχῆς
1229 4468 1443 4558 (γενό
1453 4472 1727 4560 μενον)
1774 4469 2241 4562 ἀσυνάρτητον
2286 4469 2438 4540 οὐδ’
2489 4470 2692 4556 αὐτὸς
2738 4480 2905 4562 ἔχων
