3200 5175
1515 281 1953 343 —10-

587 454 788 523 κάτω
829 457 1036 541 (editt.
1073 453 1238 522 κατὰ
1266 458 1385 521 τοῦ
1404 452 1841 543 Ὑπερβόλου)
1869 451 1993 540 τὴν
2022 452 2563 541 ὀστρακοφορίαν
2594 458 2885 539 ἔτρεψεν.

589 564 693 629 Ita
754 565 932 630 codd.
1010 564 1187 641 Quae
1249 565 1458 628 editur
1521 566 1831 629 correctio
1892 586 2043 629 vera
2104 586 2238 629 non
2300 568 2400 629 est
2458 567 2524 627 et
2578 564 2741 629 alias
2798 566 2886 629 ob

589 694 816 735 causas
875 674 940 734 et
993 670 1229 735 idcirco
1288 669 1457 754 quod
1513 690 1643 734 non
1703 669 1935 733 dieitur
1992 668 2256 751 τρέπειν
2301 664 2427 753 τὴν
2472 663 2884 755 ὀστρακοφο-

585 780 763 860 ρίαν,
811 778 920 841 sed
965 774 1230 860 τρέπειν
1265 777 1368 840 vel
1407 773 1749 859 ἐπιφέρειν
1784 770 1859 840 τὸ
1909 770 2259 859 ὄστρακον.
2335 776 2523 852 Quod
2562 781 2778 841 autem
2814 778 2886 841 in

586 884 786 949 Arist.
824 885 858 947 7
901 882 978 946 de
1025 902 1092 946 re
1140 883 1364 947 eadem
1400 882 1642 966 legitur
1680 879 2049 965 ἐκφέρειν
2083 877 2159 946 τὸ
2199 878 2530 965 ὄστρακον
2558 884 2883 969 corrigen-

586 991 736 1055 dum
787 1012 941 1055 sane
989 993 1111 1054 est:
1160 988 1573 1087 ἐπιφέρειν
1609 983 1685 1053 τό
1726 984 1903 1074 ὄστρ.
1988 987 2083 1053 Cf.
2121 1011 2181 1072 p.
2219 990 2350 1053 965
2380 1012 2441 1053 e:
2488 986 2611 1073 τὴν
2648 992 2883 1074 ψῆφον

587 1094 1020 1181 ἐπιφέρωμεν.
1113 1096 1426 1182 Madvigii
1481 1095 1844 1161 emendatio
1893 1096 1983 1183 τῷ
2022 1089 2278 1178 Ὑπερβ.
2324 1096 2710 1178 περικάτω
2757 1093 2884 1181 τὴν

585 1197 764 1286 ὀστρ.
812 1205 1086 1287 ἔτρεψεν
1133 1205 1244 1266 aut
1287 1198 1492 1266 κάτω
1542 1204 1867 1285 ἔτρεψεν
1912 1199 2254 1265 manifesto
2304 1202 2612 1266 mendosa
2650 1206 2764 1267 est.
2801 1242 2877 1251 -

589 1310 736 1375 Una
778 1309 970 1374 litera
1014 1312 1268 1373 mutata
1316 1308 1725 1373 scribendum
1763 1312 1949 1391 puto:
1995 1308 2084 1395 τῷ
2114 1301 2493 1397 Ὑπερβόλῳ
2530 1306 2719 1374 κατὰ
2758 1306 2883 1394 τὴν

588 1412 1127 1500 ὀστρακοφορίαν
1185 1418 1458 1500 ἔτρεψεν
1512 1414 1673 1501 (scil.
1730 1410 1805 1479 τὸ
1854 1409 2219 1499 ὄστρακον,
2264 1416 2438 1500 quod
2486 1438 2520 1479 e
2567 1418 2879 1499 proximis

587 1518 671 1587 τὸ
723 1518 1114 1606 ὄστρακον
1161 1521 1577 1588 ἐποίσουσι
1616 1522 1806 1587 facile
1843 1520 2272 1608 subauditur).
2345 1522 2524 1587 Haec
2563 1524 2880 1589 eorrectio

583 1630 726 1694 loeo
776 1631 971 1694 simili
1017 1630 1158 1695 Nic.
1211 1635 1318 1696 11:
1378 1631 1514 1695 τῶν
1560 1626 1683 1714 μὲν
1730 1630 1823 1705 εἰς
1866 1630 2133 1711 τοῦτον,
2179 1630 2316 1693 τῶν
2364 1624 2430 1692 δ’
2484 1631 2578 1705 είς
2624 1628 2884 1695 ἐκεῖνον

583 1730 668 1798 τὸ
733 1726 1127 1819 ὄστρακον
1183 1733 1594 1820 τρεπόντων,
1659 1736 1770 1800 ubi
1826 1736 1904 1799 de
1958 1737 2151 1800 rebus
2206 1736 2437 1801 iisdem
2496 1758 2706 1801 sermo
2766 1741 2883 1822 est,

584 1842 1060 1908 corroboratur.

769 1940 845 1993 —ss
896 1950 1011 2014 34:
1067 1945 1224 2025 τοὺς
1270 1946 1344 2014 δὲ
1390 1971 1751 2033 φορτικους
1795 1948 1904 2014 καὶ
1951 1947 2235 2033 πένητας
2284 1944 2497 2026 οὕτως
2543 1948 2881 2035 ἐδημαγώ-

584 2071 820 2138 γησεν,
901 2050 1057 2120 ὥστ’
1138 2055 1300 2139 ἐρᾶν
1367 2094 1439 2103 -
1505 2050 1619 2120 ὑπ’
1699 2054 1963 2121 ἐκείνου
2034 2063 2549 2142 τυραννεῖσθαι,
2616 2095 2699 2105 -
2768 2057 2880 2123 καὶ

584 2160 932 2246 προσιέναι
977 2159 1670 2247 παρακελευομένους,
1718 2158 1895 2240 ὅπως
1938 2164 2062 2228 τοῦ
2111 2160 2385 2247 φθόνου
2430 2166 2743 2246 κρείττων
2780 2189 2881 2247 γε·

583 2266 866 2353 νόμενος
911 2269 1021 2335 καὶ
1067 2266 1461 2353 καταβαλῶν
1508 2273 1901 2354 ψηφίσματα
1947 2268 2055 2335 καὶ
2101 2267 2352 2355 νόμους
2386 2268 2497 2335 καὶ
2536 2266 2880 2354 φλυάρους

581 2372 1001 2454 ἀπολλύντας
1063 2376 1188 2462 τὴν
1251 2374 1481 2459 πόλιν,
1545 2371 1646 2453 ὥς
1708 2369 1808 2441 ἂν
1870 2374 2121 2463 πράξῃ
2187 2374 2298 2441 καὶ
2361 2374 2683 2461 χρήσηται
2740 2390 2881 2454 τοῖς

583 2480 925 2569 πράγμασι
989 2480 1078 2567 μὴ
1145 2480 1399 2559 δεδιὼς.
1444 2478 1606 2559 τοὺς
1670 2480 2112 2566 συκοφάντας.
2214 2484 2355 2560 Quo
2418 2486 2644 2549 morbo
2700 2485 2879 2549 loeus

579 2592 861 2674 laboret,
925 2593 1212 2656 medicus
1278 2595 1352 2656 ut
1416 2593 1524 2676 qui
1580 2591 1861 2656 maxime
1917 2591 2163 2675 peritus
2228 2590 2467 2656 Coraes
2533 2593 2883 2676 perspexit,

588 2699 697 2762 sed
726 2721 1074 2782 persanare
1102 2720 1235 2763 non
1264 2700 1497 2783 potuit,
1532 2720 1687 2762 nam
1718 2701 1974 2782 praeter
2012 2691 2124 2774 εἷς
2158 2691 2265 2763 ὥν
2302 2721 2419 2782 pro
2458 2692 2549 2775 ὡς
2586 2693 2673 2763 ἄν
2710 2699 2877 2764 nihil

591 2806 764 2870 aliud
826 2805 1121 2870 correxit.
1214 2803 1607 2871 Sintenisius
1670 2807 2033 2889 suspicatus
2092 2809 2195 2870 est
2252 2805 2553 2891 παραστῇ
2610 2807 2711 2870 vel
2755 2827 2879 2869 πα-

509 2923 512 2926 ’
585 2908 794 2998 ράσχῃ
853 2934 970 2996 pro
1030 2909 1242 2998 πράξῃ
1291 2916 1419 2977 καί.
1508 2912 1878 2997 Madvigius
1926 2913 2099 2976 haud
2143 2912 2566 2996 probabiliter
2615 2913 2880 2978 subesse

583 3020 834 3084 censuit
899 3013 1000 3096 ὥς
1059 3012 1156 3083 ἂν
1219 3015 1598 3105 κράτιστα
1662 3015 2011 3105 (χρήσηται
2074 3030 2216 3095 τοῖς
2278 3018 2412 3103 πρ.)
2479 3022 2593 3083 aut
2646 3015 2736 3097 ὦς
2791 3013 2877 3086 ἂν

581 3122 1094 3211 πρακτικώτατα.
1179 3125 1460 3192 Cobetus
1509 3127 1809 3192 coniecit:
1858 3122 2037 3204 ὄπως
2080 3156 2153 3174 ⁴-
2200 3125 2341 3204 ἕως
2386 3119 2481 3191 ἂν
2518 3123 2876 3214 παράσχῃ

582 3229 893 3318 χρήσεται
949 3229 1038 3297 κέ.
1093 3269 1166 3278 —-
1229 3232 1452 3298 Gorais
1510 3235 1819 3300 eorrectio
1878 3257 2011 3301 non
2067 3234 2332 3317 sufficit3
2390 3234 2657 3298 verbum
2704 3235 2878 3298 enim

580 3336 796 3426 πράξῃ
856 3340 996 3404 sine
1055 3340 1356 3404 adverbio
1414 3345 1528 3406 aut
1583 3343 1835 3408 obiecto
1884 3365 2151 3426 prorsus
2199 3343 2491 3424 ineptum
2538 3345 2638 3406 est
2684 3345 2877 3425 atque

583 3453 733 3513 ante
779 3441 1100 3531 χρήσηται
1146 3460 1286 3525 τοῖς
1329 3446 1691 3535 πράγμασι·
1716 3451 2003 3535 positum
2049 3449 2295 3515 nullum
2338 3471 2599 3513 sensum
2638 3442 2915 3512 habere*

581 3559 811 3639 potest.
902 3552 1128 3638 Neque
1194 3557 1501 3622 lectorem
1568 3557 1774 3621 ullum
1829 3561 1967 3621 tam
2028 3557 2411 3621 benevolum
2469 3577 2609 3620 esse
2666 3555 2875 3638 ored0,

581 3664 655 3725 ut
712 3665 778 3724 et
836 3661 1222 3725 sententiam
1283 3666 1348 3727 et
1403 3664 1748 3729 dictionem
1805 3664 2053 3748 probet.
2154 3663 2281 3727 Pro
2338 3659 2550 3749 πράξῃ
2607 3664 2875 3728 verbum

581 3767 953 3850 requiritur,
1019 3791 1294 3852 quocum
1359 3772 1556 3836 verba
1621 3771 1909 3854 proxima
1970 3765 2289 3852 χρήσηται
2344 3778 2483 3844 τοῖς
2535 3757 2874 3853 πράγμασι

583 3875 764 3958 iungi
819 3876 1088 3958 possint.
1182 3877 1366 3954 Quod
1423 3877 1679 3942 difficile
1740 3899 1872 3940 non
1930 3879 2028 3939 est
2084 3875 2165 3938 ad
2211 3861 2653 3958 reperiendum
2702 3899 2874 3941 oom-

580 3983 837 4065 paranti
901 3983 1094 4048 hosce
1157 3985 1363 4067 locos,
1426 3985 1667 4067 Poplio.
1730 3984 1792 4047 l:
1864 3977 2015 4046 οὔτε
2081 3978 2373 4064 λαβόντα
2436 3977 2559 4066 τὴν
2624 3980 2875 4068 ἀρχὴν

578 4089 793 4164 καλῶς
840 4085 990 4153 οὔτε
1038 4087 1446 4174 χριόμενον
1505 4083 1672 4174 αὐτῇ
1727 4089 2099 4171 βασιλικῶς.
2198 4091 2305 4153 10:
2374 4086 2448 4152 ἐν
2508 4083 2703 4174 ἀρχῇ
2763 4089 2873 4154 καὶ

580 4192 990 4280 πράγμασι
1046 4192 1373 4280 μεγάλοις.
1465 4194 1683 4260 Solon.
1744 4195 1853 4260 15:
1916 4190 1997 4261 οὐ
2046 4192 2180 4280 μὴν
2243 4190 2677 4278 ἀπωσάμενος
2731 4191 2873 4280 τὴν

578 4303 1024 4384 τυραννίδα
1058 4339 1132 4349 -
1169 4296 1490 4386 ἐχρήσατο
1538 4313 1677 4378 τοῖς
1713 4299 2115 4388 πράγμασιν.
2191 4301 2289 4367 Cf.
2328 4303 2522 4367 etiam
2553 4302 2785 4367 Timol.
2819 4306 2872 4368 1.

582 4409 818 4474 Aemil.
870 4411 972 4474 10.
1019 4413 1084 4471 et
1129 4409 1206 4474 de
1255 4411 1574 4474 sententia
1623 4408 1839 4476 Solon.
1884 4413 1991 4475 14:
2050 4411 2121 4476 οἱ
2161 4406 2635 4493 προϊστάμενοι
2674 4427 2874 4494 προσ-
