3200 5175
1537 329 1973 395 „90-

612 507 770 574 sime
826 507 1170 574 emendata
1220 527 1412 574 nemo
1461 528 1615 574 sane
1660 507 1939 592 probare
1986 511 2203 593 potest
2246 528 2455 593 neque
2502 507 2715 574 adhuc
2761 529 2913 592 pro-

615 615 814 702 bavit.
847 651 922 662 --
965 612 1210 681 Locum
1245 613 1344 680 ita
1379 613 1787 680 scribendum
1818 614 2069 700 opinor,
2100 620 2175 681 ut
2211 615 2677 700 posterioribus
2714 635 2917 682 causa

613 723 922 788 afferatur
965 720 1282 806 priorum:
1329 741 1442 786 cur
1487 721 1735 786 scilicet
1778 721 2160 806 ignavorum
2200 721 2485 788 sufficiat
2528 721 2916 807 cognitioni,

613 830 670 895 si
725 849 1044 896 summam
1091 828 1184 892 rei
1251 827 1624 913 exitumque
1686 827 1983 910 audiant3
2038 828 2323 914 eleganti
2376 831 2597 894 autem
2640 831 2710 892 et
2750 827 2915 893 libe-

607 935 732 1002 rali
787 955 1055 1020 operum
1111 934 1462 1019 spectatori
1529 933 1741 1020 magis
1797 933 2079 1000 iucunda
2134 934 2224 1000 sit
2274 933 2681 1020 singularum
2734 934 2917 1000 dein-

609 1064 760 1128 ceps
806 1041 1090 1128 partium
1136 1041 1584 1108 consideratio.
1668 1039 2091 1112 Scribendum
2144 1041 2371 1126 igitur:
2426 1041 2529 1130 τῷ
2584 1037 2728 1126 μὲν
2776 1036 2875 1126 ἀρ
2890 1079 2915 1089 -

607 1147 901 1237 γοτέρςο
963 1143 1089 1232 τὴν
1155 1143 1470 1214 διάνοιαν
1540 1185 1617 1196 --
1674 1183 1765 1194 —-
1816 1143 2227 1233 πράγματος·
2293 1142 2416 1214 τὸν
2462 1144 2539 1214 δὲ
2600 1153 2739 1232 φιλ.
2800 1147 2917 1214 καὶ

607 1251 829 1339 φιλόκ.
871 1255 1010 1320 τῶν
1035 1290 1124 1302 -—
1161 1249 1709 1340 ἀπειργασμένων
1750 1251 2009 1339 θεατήν
2039 1291 2125 1302 -
2154 1247 2575 1340 εὐφραίνειν·
2621 1256 2721 1344 τῷ
2764 1255 2916 1340 μέν

605 1361 773 1449 (scil.
826 1363 919 1450 τῷ
975 1355 1311 1450 ἀργοτέρῳ
1365 1357 1489 1446 τὴν
1546 1356 1861 1428 διάνοιαν
1916 1360 2215 1446 ἐξαρκεῖν
2268 1357 2345 1427 τὸ
2400 1360 2605 1447 πέρας
2664 1360 2779 1428 καὶ
2835 1357 2916 1428 τὸ

605 1467 782 1556 κεφ.)
826 1470 950 1534 τοῦ
991 1468 1226 1546 τέλους
1281 1463 1496 1534 πολλὰ
1547 1465 1746 1535 κοινὰ
1800 1464 1965 1555 πρὸς
2016 1465 2142 1553 τὴν
2186 1491 2240 1534 τ.
2289 1471 2583 1553 ἔχοντος·
2638 1465 2779 1534 τὸν
2829 1468 2923 1535 δέ

608 1575 678 1664 (i.
723 1597 777 1642 e.
821 1571 942 1644 τὸν
989 1571 1348 1660 φιλότιμον
1392 1571 1647 1659 θεατὴν
1692 1571 1775 1640 τὰ
1816 1569 1977 1642 καθ’
2039 1573 2281 1642 ἕκαστα
2324 1575 2581 1660 μᾶλλον
2638 1569 2919 1662 εὐφραί-

607 1680 788 1769 νειν)
817 1680 892 1748 ἐν
917 1691 1062 1760 ταῖς
1095 1683 1334 1760 acriam
1367 1679 1479 1747 καὶ
1507 1693 1649 1760 τοῖς
1680 1680 1831 1770 [ἐπὶ]
1864 1681 2109 1767 μέρους
2142 1678 2413 1766 ἀγῶνας
2438 1677 2677 1768 ἀρετῆς
2711 1718 2788 1728 -
2824 1721 2916 1731 —-

607 1790 960 1874 λογισμοῦ,
1002 1790 1043 1854 i.
1081 1813 1134 1855 e.
1181 1789 1420 1875 ignavo
1470 1811 1725 1856 summa
1768 1790 1864 1854 rei
1902 1789 2239 1876 exitusque
2278 1789 2625 1874 sufficiunt,
2670 1789 2917 1876 quippe

608 1896 712 1964 cui
757 1895 938 1963 cordi
984 1897 1098 1982 sit,
1142 1917 1351 1981 neque
1397 1919 1498 1962 res
1545 1896 1839 1982 singulas
1890 1918 2095 1982 neque
2141 1897 2403 1962 virtutis
2450 1896 2760 1962 adversus
2806 1919 2913 1962 su-

610 2004 788 2070 bitos
847 2025 1036 2070 casus
1101 2003 1458 2070 certamina
1517 2004 1863 2070 resciscere
1927 2006 1996 2068 et
2050 2004 2411 2090 exquirere,
2474 2004 2589 2069 sed
2650 2007 2913 2070 tantum

609 2110 913 2176 fortunae
960 2112 1288 2194 eventum,
1335 2111 1478 2196 quis
1525 2110 1775 2176 scilicet
1817 2109 1888 2176 in
1933 2113 2221 2176 extremo
2278 2131 2589 2194 prospera
2644 2111 2915 2176 fortuna

611 2240 769 2284 usus
816 2218 928 2284 sit:
973 2216 1078 2284 cui
1125 2217 1476 2283 secundum
1515 2217 1761 2282 exitum
1808 2216 2072 2284 fortuna
2118 2237 2357 2301 anceps
2402 2216 2679 2302 dederit3
2724 2218 2915 2304 igna—

613 2348 730 2392 vus
775 2324 980 2410 igitur
1024 2322 1108 2389 ad
1155 2323 1400 2390 exitum
1445 2323 1681 2420 pergit,
1726 2323 1900 2410 quod
1946 2322 2158 2390 exitus
2197 2324 2407 2391 multa
2460 2346 2605 2390 cum
2646 2323 2915 2390 fortuna

611 2431 979 2500 communia
1021 2431 1264 2499 habeat
1309 2431 1785 2515 maximamque
1830 2430 1898 2496 in
1944 2434 2197 2516 partem
2233 2453 2267 2496 e
2304 2431 2569 2498 fortuna
2612 2430 2913 2515 pendeat.

611 2539 1059 2626 Spectatorem
1113 2541 1334 2605 tamen
1397 2538 1763 2625 elegantem
1816 2541 1885 2603 et
1946 2538 2279 2606 liberalem
2336 2542 2555 2624 partes
2614 2538 2913 2624 singulae

612 2647 826 2733 magis
873 2646 1226 2729 delectant3
1273 2645 1791 2731 quandoquidem
1839 2645 1909 2710 in
1953 2645 2034 2711 iis
2090 2666 2439 2731 eorumque
2490 2647 2706 2712 causis
2764 2667 2912 2711 cum

615 2753 896 2819 Virtutis
943 2752 1247 2818 adversus
1293 2750 1624 2817 Fortunae
1670 2752 2149 2819 vicissitudines
2187 2753 2557 2838 certamina,
2602 2756 2747 2819 tum
2782 2752 2913 2819 Ra-

609 2860 830 2943 tionis,
875 2880 994 2944 pro
1039 2881 1257 2925 rerum
1304 2859 1794 2944 opportunitate
1841 2861 1909 2924 et
1964 2880 2081 2925 suo
2130 2859 2365 2925 affectu
2422 2860 2702 2945 agentis,
2758 2880 2910 2944 pru·

613 2967 873 3032 dentem
917 2967 988 3031 in
1041 2966 1344 3050 periculis
1393 2966 1734 3032 audaciam
1792 2966 2160 3049 conspicere
2208 2970 2274 3031 et
2330 2967 2709 3052 intellegere
2763 2988 2911 3051 pos-

610 3073 713 3138 sit,
760 3109 844 3119 —-
891 3072 990 3137 De
1037 3072 1362 3137 sententia
1407 3072 1487 3137 cf.
1532 3094 1594 3155 p.
1647 3073 1772 3137 172
1802 3094 1863 3137 c:
1908 3065 2076 3137 ἀλλὰ
2122 3073 2259 3138 τῶν
2314 3068 2440 3157 μὲν
2486 3068 2794 3157 πράξεων
2842 3075 2919 3139 αἱ

607 3175 849 3244 πολλαὶ
893 3173 1102 3263 τύχην
1160 3171 1708 3263 ἀναμεμιγμένην
1756 3180 2049 3263 ἔχουσιν,
2096 3180 2174 3244 αἱ
2214 3175 2289 3244 δὲ
2333 3175 2687 3263 γινόμεναι
2732 3176 2915 3266 παρὰ

608 3280 688 3350 τὰ
735 3286 897 3371 ἔργα
941 3283 1052 3351 καὶ
1096 3280 1178 3351 τὰ
1213 3281 1401 3370 πάθη
1448 3282 1558 3351 καὶ
1599 3280 1715 3361 τὰς
1749 3281 1952 3369 τύχας
1986 3279 2357 3369 ἀποφάσεις
2391 3284 2503 3351 καὶ
2549 3279 2915 3371 ἀναφωνή-

611 3408 764 3477 σεις,
807 3386 1028 3477 ὥσπερ
1078 3390 1151 3457 ἐν
1196 3387 1612 3477 κατόπτροις,
1668 3392 1983 3476 καθαρως
2030 3389 2393 3476 παρέχουσι
2448 3387 2571 3477 τὴν
2630 3388 2917 3461 εκάστου

611 3495 926 3564 διάνοιαν
974 3491 1412 3583 ἀποθεωρεῖν.
2653 3580 2663 3589 ·

789 3603 1089 3671 Proxima.
1121 3603 1233 3670 καὶ
1269 3607 1392 3671 τοῦ
1428 3602 1638 3691 λόγου
1656 3608 1692 3647 *
1726 3601 2047 3689 γενέσθαι
2068 3607 2103 3646 *
2147 3599 2482 3690 παρόντος
2517 3627 2667 3671 cum
2701 3605 2913 3691 Wytt.

611 3712 953 3795 explenda:
990 3710 1102 3777 καὶ
1126 3708 1284 3790 τοὺς
1311 3708 1557 3796 λόγους
1585 3705 1733 3794 [οὓς
1758 3706 1959 3793 εἰκὸς]
1988 3710 2307 3795 γενέσθαι
2338 3713 2519 3793 [σοῦ]
2559 3709 2913 3797 παρόντος.

789 3817 870 3883 In
923 3839 1110 3903 seqq:
1163 3855 1238 3865 -
1288 3812 1364 3883 τὸ
1419 3814 1586 3883 κατὰ
1645 3818 1961 3884 Βοιωτῶν
2023 3812 2307 3902 ἀρχαῖον
2364 3820 2459 3896 εἰς
2510 3823 2913 3904 μισολογίαν
3048 3818 3057 3825 ’

613 3920 879 4002 ὄνειδος
947 3918 1079 4009 ’ἤδη
1153 3920 1657 4010 μαραινόμενον
1728 3920 1907 4010 παρὰ
1971 3920 2299 4010 Σωκράτη
2373 3919 2494 4016 τὸν
2560 3921 2912 4012 ὑμέτερον·

612 4026 837 4116 ἡμεῖς
882 4028 966 4097 δὲ
1008 4027 1214 4116 παρὰ
1260 4028 1443 4097 δυσὶ
1497 4032 1653 4097 τῶν
1710 4031 1944 4116 ἱερῶν
2000 4027 2488 4111 σπουδάζοντες
2547 4026 2753 4098 οὕτω
2814 4035 2915 4098 δι-

613 4133 975 4223 εφάνημεν.
1056 4136 1272 4223 Wytt.
1316 4138 1623 4203 correxit:
1674 4125 1728 4225 ᾧ
1774 4132 1961 4221 ἡμεῖς
2014 4160 2089 4221 γε
2142 4133 2321 4223 παρὰ
2375 4134 2502 4204 δύο
2557 4139 2701 4205 τῶν
2746 4137 2916 4207 ἑταί-

615 4268 756 4328 ρων
803 4241 1290 4323 σπουδάζοντες
1335 4240 1547 4321 ’dmons-
1593 4240 2035 4328 διεφάνημεν·
2082 4245 2429 4330 vertitque:
2477 4245 2581 4311 cui
2626 4267 2751 4312 nos
2797 4270 2917 4332 per

617 4352 777 4417 duos
818 4351 1168 4436 discipulos
1215 4373 1283 4416 re
1319 4372 1472 4417 vera
1509 4350 1864 4416 disserendi
1910 4350 2184 4417 studiosi
2229 4352 2354 4417 visi
2390 4373 2631 4417 sumus.
2698 4352 2931 4430 Quam‘

618 4457 980 4523 versionem
1026 4456 1408 4524 Duebnerus
1454 4458 1719 4542 recepit.
1789 4456 1957 4523 Mihi
2002 4455 2261 4543 quidem
2296 4462 2365 4525 et
2407 4458 2621 4525 versio
2668 4463 2738 4527 et
2774 4482 2913 4527 cor-
