3200 5175
1415 304 1490 315 —
1593 269 1896 333 124—

507 447 590 513 ad
636 445 676 513 ἕ
681 472 722 514 ν
769 447 884 524 sit3
931 450 1045 513 aut
1081 446 1523 532 accipiendum
1561 469 1681 531 pro
1726 447 2135 530 καταβιῶναι
2170 444 2283 512 καὶ
2320 441 2473 531 μεθ’
2524 439 2814 531 ἡσυχίας

509 554 618 621 καὶ
666 550 1004 641 ὁμονοίας.
1087 553 1212 620 Sed
1255 555 1435 640 prior
1477 555 1647 620 ratio
1700 555 1913 641 magis
1966 555 2199 639 placet.
2282 553 2583 620 Ceterum
2630 575 2807 619 com-

505 663 763 749 paratio
819 663 896 726 fit
940 684 1088 728 cum
1133 655 1174 747 ἢ
1231 657 1310 726 τὰ
1356 656 1848 746 ὑπολειπόμενα
1902 659 2099 746 κακά,
2148 661 2320 746 quod
2366 683 2401 727 e
2456 657 2668 746 μηδὲν
2721 699 2803 708 -—

503 766 1016 848 ὑπολελοιπυίας
1059 769 1252 836 facile
1297 769 1725 855 intellegitur.

682 913 759 979 X.
808 912 1190 979 oratorum
1228 911 1417 978 vitae
1459 914 1513 977 1.
1551 913 1702 978 init:
1748 908 1888 978 τὸν
1924 914 1967 977 δ
1979 908 2010 977 ὲ
2048 912 2300 997 δῆμον
2337 907 2810 997 Ῥαμνούσιος.

506 1021 597 1086 Et
639 1021 746 1090 hic
800 1024 868 1086 et
920 1020 1080 1085 alibi
1133 1019 1284 1084 libri
1339 1019 1507 1084 inter
1559 1014 1681 1084 τὸν
1736 1015 1813 1085 δὲ
1867 1021 2087 1104 δῆμον
2133 1023 2199 1085 et
2250 1021 2388 1086 τῶν
2443 1017 2517 1084 δὲ
2564 1016 2811 1104 δήμων

510 1128 781 1193 variant.
862 1125 1026 1190 Mihi
1071 1127 1474 1191 accusativus
1520 1125 1977 1210 praeferendus
2023 1125 2293 1192 videtur.

683 1235 728 1298 4
787 1231 878 1318 (p.
935 1234 1060 1299 837
1093 1233 1164 1321 b)
1231 1232 1470 1318 corrig:
1525 1225 1902 1317 ἡγούμενος
1962 1270 2037 1280 —-
2096 1231 2592 1319 προτρέψεσθαι
2654 1232 2808 1321 (pro

503 1338 1058 1427 προτρέψασθαι).
1317 1351 1326 1360 ’

691 1467 726 1530 7
779 1463 871 1552 (p.
910 1464 1151 1552 842b):
1189 1461 1770 1550 κατηγορούμενος
1807 1461 1869 1531 δ’
1913 1465 1996 1532 ἐν
2032 1459 2329 1556 ὑστέρῳ
2367 1465 2441 1532 ἐν
2484 1467 2575 1556 τῷ
2615 1463 2813 1554 δήμῳ

509 1577 655 1658 ἔφη.
701 1573 872 1638 Plut.
905 1573 1181 1638 dixerat:
1219 1594 1356 1638 κατ.
1396 1565 1459 1637 δ’
1510 1566 1828 1658 ὕστερονς
1876 1572 2106 1638 vitium
2144 1595 2222 1638 ex
2258 1574 2555 1658 proximo
2602 1572 2678 1638 ἐν
2716 1575 2814 1662 τῷ

511 1677 701 1769 δήμῳ
748 1684 956 1746 ortum
1009 1683 1124 1745 est.

690 1806 729 1870 8
777 1807 867 1889 (p.
915 1806 1041 1870 847
1074 1802 1138 1890 c)
1194 1805 1434 1892 corrig:
1507 1799 1638 1890 πρὸ
1704 1801 1976 1890 γάμων
2039 1802 2187 1891 (pro
2250 1802 2501 1893 γάμου)
2564 1802 2815 1871 ἐτελεύ-

511 1929 734 1998 τησεν,
782 1917 856 1977 ut
897 1912 1138 1998 legitur
1181 1934 1241 1996 p.
1279 1912 1408 1977 839
1439 1912 1508 1978 b:
1553 1907 1681 1998 πρὸ
1730 1907 1964 1996 γάμων
2009 1911 2169 1978 ἐτελ.

688 2039 729 2103 9
777 2039 866 2122 (p.
913 2038 1041 2103 849
1073 2035 1168 2122 d):
1237 2034 1522 2103 ἐποιεῖτό
1577 2059 1647 2102 τε
1710 2031 1831 2116 τὸν
1875 2038 2239 2116 περίπατον
2286 2034 2360 2102 ἐν
2404 2036 2484 2123 τῇ
2532 2037 2813 2120 ἰχθυο-

509 2141 815 2210 πώλιδι.
904 2143 1060 2229 Pag.
1117 2144 1316 2209 688a
1380 2142 1568 2209 dixit:
1634 2137 1792 2220 τοὺς
1853 2139 2005 2227 περὶ
2063 2137 2187 2227 τὴν
2256 2145 2811 2227 ἰχθυοπωλίαν

512 2248 964 2327 ἀναδιδόντας
1009 2246 1332 2316 ἑκάστοτε.
1415 2249 1707 2334 Utraque
1743 2250 1957 2315 forma
1992 2249 2195 2316 habet
2223 2272 2349 2336 quo
2392 2250 2811 2336 defendatur3

511 2381 662 2424 nam
737 2358 969 2424 dicitur
1054 2353 1507 2442 ίματιόπωλις,
1577 2355 2018 2441 σπειρόπωλις
2090 2377 2175 2422 sc.
2240 2351 2473 2442 ἀγορά.
2563 2357 2813 2425 Contra

513 2467 976 2551 ἰχθυοπωλίαν
1021 2468 1298 2530 testatur
1344 2468 1410 2528 et
1447 2463 1843 2530 Athenaeuz.
1888 2465 1969 2530 cf.
2015 2457 2380 2543 ὀψοπωλία.

689 2607 794 2673 De
849 2605 1306 2687 malignitate
1359 2604 1716 2673 Herodoti
1771 2628 1823 2673 c.
1868 2608 1912 2672 2
1970 2606 2061 2693 (p.
2117 2608 2249 2673 855
2276 2606 2375 2695 b):
2446 2603 2569 2674 οὐκ
2624 2606 2811 2695 εὐμε-

512 2711 636 2798 νής
694 2710 876 2779 ἐστιν
935 2711 1050 2800 (sc.
1099 2708 1135 2778 ὁ
1183 2712 1552 2800 τοιοῦτος),
1598 2706 1745 2779 ἀλλ’
1807 2706 1957 2779 οἷον
2013 2709 2439 2781 ἀπολαύων
2503 2738 2663 2794 πως
2713 2720 2809 2807 τῷ

515 2825 897 2906 διηγεῖσθαι
942 2821 1064 2885 τοῦ
1118 2816 1516 2906 πράγματος.
1612 2819 1889 2887 Salmas:
1944 2842 2085 2899 πως
2138 2821 2212 2888 ἐν
2246 2824 2361 2913 ’τῷ
2424 2824 2595 2907 διηγ.
2660 2823 2812 2890 Ald.

511 2929 659 2995 Bas,
705 2928 863 3012 Xyl:
909 2921 1385 2992 ἀπολαύνων
1435 2925 1661 3013 (Turn.
1706 2926 1786 2993 V.
1833 2921 2261 3015 ἀπελαύνων)
2306 2930 2397 3019 τῷ
2444 2930 2591 3013 φῶς
2636 2932 2813 3015 διηγ.

511 3036 586 3101 Β.
630 3035 718 3100 E:
766 3029 1124 3100 ἀπολαύων
1170 3035 1262 3122 τῶ
1309 3035 1537 3117 σοφῶς
1582 3036 1755 3118 διηγ.
1826 3034 2015 3101 Unde
2052 3034 2263 3121 Wytt.
2300 3038 2601 3103 coniecit:
2649 3032 2816 3104 ἀπο-

516 3138 747 3209 λαύων
792 3142 1024 3225 σαφῶς
1066 3142 1156 3230 τῷ
1207 3142 1380 3224 διηγ.
1423 3142 1753 3223 manifesto
1803 3143 2038 3224 fruens.
2120 3141 2476 3229 Vulgatam
2534 3147 2819 3230 sumpsit

517 3248 736 3335 Steph.
785 3272 862 3313 ex
915 3248 1171 3313 Leonic.
1227 3246 1474 3313 Schott.
1530 3248 1743 3313 Anon.
1824 3249 2126 3315 Proxime
2179 3250 2359 3316 codd.
2408 3252 2484 3317 B.
2530 3252 2609 3317 E.
2655 3255 2815 3319 scri-

512 3358 731 3423 batur:
772 3349 922 3421 οἷον
956 3350 1323 3421 ἀπολαύων
1347 3357 1438 3443 τῷ
1487 3358 1719 3439 σαφῶς
1759 3357 1930 3440 διηγ.
1966 3357 2088 3421 τοῦ
2122 3354 2364 3443 πράγμ.
2404 3358 2481 3425 cf.
2510 3382 2571 3443 p.
2602 3360 2734 3426 630
2754 3360 2790 3425 f
2797 3385 2813 3426 τ

513 3462 623 3528 καὶ
667 3460 964 3549 τρόπον
1009 3459 1192 3529 τινα
1239 3460 1353 3549 (---
1386 3454 1565 3549 οἶον)
1602 3465 1693 3553 τῷ
1742 3458 1918 3552 λόγῳ
1959 3463 2073 3550 (--
2102 3466 2196 3554 τῷ
2236 3464 2647 3554 διηγεῖσθαι)
2686 3453 2815 3534 τού

511 3567 894 3655 πράγματος
938 3564 1410 3653 ἀπολαύοντες,
1456 3566 1804 3653 ἀπλήστως
1852 3573 2077 3655 ἔχουσι
2120 3573 2244 3637 τοῦ
2288 3574 2675 3657 διηγεῖσθαι
2720 3572 2812 3640 κε’.

693 3712 762 3779 O.
802 3714 881 3778 17
922 3711 1012 3800 (p.
1051 3714 1180 3779 858
1211 3712 1279 3800 d)
1320 3713 1725 3779 scribendum
1760 3718 1946 3799 puto:
1983 3716 2120 3780 τῶν
2149 3716 2289 3797 [Οἱ]
2328 3718 2813 3803 (υλλοχιτέων;

514 3824 580 3885 et
624 3822 818 3905 paulo
863 3824 1037 3905 post:
1084 3820 1160 3886 ἐν
1203 3821 1354 3904 τῆσι
1399 3821 1709 3905 Θυρεῆσι.
1775 3818 1921 3886 Huc
1959 3824 2151 3906 enim,
2192 3845 2325 3887 non
2362 3824 2442 3888 ad
2479 3825 2811 3891 Duebneri

515 3932 780 3993 correct.
836 3927 911 3993 ἐν
952 3935 1131 3992 ταῖσι
1177 3932 1527 4013 Θυρεαῖσι,
1584 3928 1761 3993 ducit
1820 3929 2000 3994 codd.
2055 3930 2275 3996 lectio:
2334 3929 2407 3996 ἐν
2461 3940 2637 3996 τοῖσι
2682 3940 2810 3999 θυ-

515 4047 744 4121 ρεοῖσι.
800 4034 896 4101 Of.
924 4033 1162 4102 Herod.
1197 4037 1250 4118 1,
1280 4036 1383 4102 82.
1439 4035 1879 4101 Librariorum
1904 4038 2510 4121 pronunciationem
2543 4039 2810 4105 eandem

518 4166 658 4209 esse
705 4166 780 4209 ac
826 4142 1219 4209 Graecorum
1265 4144 1697 4210 recentiorum
1744 4146 1903 4209 nota
1946 4165 2049 4208 res
2098 4148 2213 4209 est.

692 4267 761 4335 C.
809 4270 896 4334 20
942 4270 1082 4335 init.
1129 4270 1406 4334 fortasse
1453 4269 1912 4354 supplendum:
1959 4265 2284 4354 Πακτύην
2321 4265 2383 4335 δ’
2426 4265 2809 4337 ἀποστάντα

518 4408 754 4497 Κύρου
791 4414 1002 4498 φησίν
1041 4414 1164 4494 [εἰς
1203 4387 1487 4496 ΚῨΛΛην
1525 4412 1823 4496 φυγεῖν]·
1868 4412 2255 4491 ΚΥΛΛαίους
2293 4408 2355 4478 δ’
2400 4416 2522 4497 [είς
2556 4412 2813 4481 ΛΛΥΤΙ-
