3200 5175
1257 340 1691 410 219-

323 522 424 588 De
493 522 975 589 constructione
1039 520 1120 587 cf.
1184 544 1245 606 p.
1303 521 1433 586 401
1467 543 1532 586 a:
1595 519 1677 607 τῇ
1740 517 2039 604 ἐρωμένῃ
2096 515 2319 602 τυχὼν
2382 512 2625 584 αὐτόθι

327 628 605 713 δωρεᾶς,
650 629 764 693 ubi
806 651 866 693 v.
901 649 1079 692 meas
1119 650 1268 692 ann.
1338 627 1560 693 Possis
1598 628 1823 692 etiam:
1870 621 2118 708 αὐτοῖς,
2162 620 2338 702 εἰκὸς
2371 623 2628 710 μηδένα

321 733 443 822 (sc.
495 735 632 800 τῶν
686 731 924 824 πρῴην
969 729 1436 820 αἰχμαλώτων)
1483 771 1570 780 -
1614 744 1871 818 τυχεῖν,
1926 733 1966 799 i.
2013 755 2065 798 6.
2112 733 2283 817 quod
2328 733 2387 798 si
2431 733 2627 798 vellet

323 842 672 906 Marcellus
706 842 837 905 illis
872 840 988 924 ulzi,
1029 842 1531 906 consentaneum
1570 843 1726 924 erat,
1764 844 1839 904 ut
1875 839 2122 904 nemini
2162 861 2384 904 eorum
2420 840 2625 905 ullum

327 970 636 1013 coronam
681 947 1069 1013 honoremve
1117 948 1379 1012 solitum
1424 946 1825 1012 fortitudinis
1873 968 2070 1011 causa
2115 946 2241 1012 dux
2290 946 2493 1012 daret.

514 1055 596 1120 15
643 1077 692 1121 s,
738 1054 783 1119 f.
843 1048 878 1119 ὁ
937 1048 1001 1118 δ’
1067 1043 1176 1136 ἦν,
1223 1047 1314 1130 ὡς
1358 1055 1560 1138 ἔοικε,
1620 1050 1733 1118 καὶ
1780 1050 1886 1119 ἐπὶ
1931 1053 2137 1118 ταῦτα
2182 1043 2387 1118 πάλάι
2432 1075 2626 1138 παρε-

330 1157 775 1244 σκευασμένος
829 1155 1142 1244 ὀργάνων
1185 1183 1255 1224 τε
1301 1160 1720 1245 συμμέτρους
1762 1156 1930 1245 πρὸς
1973 1161 2112 1225 πᾶν
2159 1155 2487 1246 διάστημα
2532 1184 2626 1225 κι-

327 1264 554 1349 νήσεις
597 1264 707 1332 καὶ
744 1264 902 1352 βέλη
941 1264 1190 1352 βραχέα
1226 1263 1338 1331 καὶ
1376 1263 1758 1352 διάδοχος
1796 1261 2198 1351 οὖ.με’γας·
2245 1267 2514 1333 πολλῶν
2552 1263 2629 1332 δὲ

323 1370 436 1437 καὶ
484 1372 787 1457 συνεχῶν
830 1371 1300 1459 τραυμάτων
1346 1375 1418 1439 οἱ
1458 1377 1766 1461 σκορπίοι
1812 1369 2219 1462 βραχύτονοι
2264 1370 2390 1458 μὲν
2436 1370 2623 1458 ἐγγύ-

325 1487 456 1545 θεν
513 1476 589 1544 δὲ
633 1478 873 1564 πλῆξαι
918 1478 1417 1566 παρεστήκεσαν
1461 1476 1739 1568 ἀόρατοι
1784 1488 1924 1559 τοϊς
1968 1484 2325 1566 πολεμίοις.
2414 1480 2473 1546 Ε
2520 1503 2627 1546 va-

330 1587 446 1652 riis
493 1587 858 1672 medicinis,
905 1611 1070 1673 quae
1115 1589 1259 1655 loco
1307 1592 1613 1673 corrupto
1660 1589 1988 1654 adhibitae
2036 1593 2207 1673 sunt,
2251 1588 2410 1653 duas
2455 1610 2627 1653 com-

333 1715 690 1758 memorare
752 1694 911 1760 satis
975 1700 1094 1760 est.
1182 1694 1454 1760 Plurimi
1516 1696 1795 1761 editores
1850 1695 2185 1780 Anonymi
2238 1695 2627 1779 scripturam

329 1798 439 1865 καὶ
507 1795 748 1877 δοκοὺς
814 1795 898 1866 οὐ
961 1797 1251 1885 μεγάλας
1313 1805 1380 1866 et
1443 1803 1639 1886 paulo
1701 1806 1852 1887 posi:
1909 1824 2027 1887 pro
2089 1797 2489 1886 τραυμάτων
2548 1823 2628 1866 ex

333 1908 582 1973 Amioti
621 1911 687 1973 et
715 1906 965 1992 Bryani
1001 1909 1370 1974 coniectura
1406 1905 1760 1994 τρημάτων
1788 1915 2185 1994 receperunt.
2242 1907 2627 1974 Sintenisius

329 2015 471 2080 coll.
517 2015 778 2100 Polybii
823 2015 894 2099 8,
941 2016 978 2080 7
1038 2015 1241 2081 dedit:
1295 2014 1425 2081 καὶ
1481 2011 1613 2080 διὰ
1658 2012 1741 2082 τὸ
1788 2027 2047 2100 τεῖχος
2094 2010 2190 2081 οὐ
2234 2011 2627 2101 μεγάλων,

325 2122 595 2194 πολλῶν
642 2117 717 2186 δὲ
757 2159 839 2169 -
875 2118 1231 2207 τρημάτων
1277 2117 1558 2207 ὄντων,
1602 2145 1769 2209 quae
1815 2126 1885 2188 et
1920 2145 1959 2188 a
1993 2123 2310 2188 librorum
2346 2123 2628 2188 lectione

328 2229 519 2314 longe
558 2228 866 2294 recedunt
903 2231 969 2293 et
1003 2230 1149 2313 ipsa
1183 2251 1298 2314 per
1345 2251 1412 2294 se
1449 2230 1812 2315 incongrua
1858 2232 2029 2294 sunt.
2103 2228 2271 2305 Quid
2308 2230 2513 2295 lateat
2551 2251 2629 2294 ex

330 2336 439 2419 iis,
493 2357 656 2420 quae
701 2333 1016 2419 Polybius
1063 2338 1129 2400 et
1176 2335 1290 2400 alii
1335 2336 1764 2421 tradiderunt,
1820 2336 2049 2401 melius
2098 2336 2380 2420 collatis,
2427 2359 2627 2420 appa-

329 2441 518 2507 rebit.
608 2441 919 2526 Polybius
967 2442 1036 2524 8,
1094 2444 1131 2508 7
1197 2443 1356 2508 haec
1415 2442 1639 2508 referia:
1706 2441 1829 2519 ἕως
1885 2437 2355 2527 ἀνδρομήκους
2412 2437 2630 2520 ὕψους

326 2545 790 2615 κατεπύκνωσε
843 2544 982 2635 τρή
993 2565 1181 2634 μασι
1234 2544 1311 2616 τὸ
1367 2559 1582 2635 τεῖχος
1636 2544 1727 2628 ὡς
1780 2551 2266 2626 παλαιστιαίοις
2322 2572 2398 2615 το
2445 2545 2629 2634 μέγε-

328 2662 459 2733 θος
520 2651 683 2721 κατὰ
751 2651 876 2740 τήν
934 2654 1120 2733 ἐκτὸς
1175 2652 1598 2741 ἐπιφάνειαν·
1682 2650 1786 2735 οἷς
1836 2655 2163 2737 τοξότας
2215 2654 2345 2721 καὶ
2402 2672 2630 2740 σκορ-

327 2763 466 2828 πίδ
476 2786 554 2827 ια
597 2759 1027 2847 παραστήσας
1069 2761 1258 2855 ἐντὸς
1291 2764 1416 2829 τοῦ
1449 2766 1723 2849 τείχους
1742 2763 1854 2829 καὶ
1892 2760 2162 2848 βάλλων
2199 2759 2313 2829 διὰ
2348 2758 2630 2846 τούτων,

197 2932 204 2936 .
329 2864 701 2954 ἀχρήστους
747 2868 954 2935 ἐποίει
997 2865 1157 2947 τοὺς
1193 2864 1519 2954 ἐπιβάτας.
1593 2870 1660 2936 Ν
1662 2893 1732 2937 ec
1770 2872 1898 2937 alia
1926 2870 2147 2936 Livius
2176 2871 2281 2953 24,
2311 2870 2423 2935 34:
2472 2869 2630 2934 ‘mu-

330 3000 474 3043 rum
531 2977 614 3041 ab
676 2977 807 3042 imo
857 2978 938 3042 ad
985 3000 1306 3043 summum
1351 2979 1594 3043 crebris
1643 2978 2030 3044 cubitalibus
2076 2977 2210 3043 fere
2256 2977 2431 3043 cavis
2478 2999 2628 3061 ape-

330 3084 479 3169 ruit,
511 3104 630 3167 per
673 3104 828 3167 quae
873 3104 1025 3151 cava
1060 3106 1220 3167 pars
1261 3085 1532 3169 sayittis,
1565 3106 1727 3168 pars
1770 3085 2191 3168 scorpionibus
2235 3083 2505 3150 modicis
2553 3105 2630 3148 ex

330 3192 584 3257 occulto
630 3191 945 3275 petebant
989 3191 1289 3259 hostem'.
1369 3191 1449 3257 In
1494 3215 1681 3258 muro
1728 3192 1932 3278 igitur
1976 3192 2185 3257 mult-a
2228 3193 2417 3256 erant
2461 3190 2629 3257 fora-

333 3298 512 3365 mina
555 3297 688 3363 alia
731 3297 816 3363 ad
864 3299 1000 3381 tela,
1046 3299 1177 3364 alia
1219 3298 1300 3364 ad
1335 3300 1683 3383 scorpiones
1718 3298 2121 3383 recipiendos
2158 3301 2225 3363 61,
2259 3297 2630 3363 mittendos.

303 3398 460 3471 'Sed
507 3426 898 3490 quamquam
943 3409 1219 3492 ussroque
1264 3407 1408 3472 loco
1445 3406 1705 3491 utrique
1744 3406 1963 3491 generi
1998 3404 2391 3470 foraminum
2427 3427 2629 3471 unum

331 3534 599 3578 nomen:
644 3507 942 3598 τρήματα
989 3510 1194 3599 (σανα)
1244 3513 1453 3597 datur,
1499 3534 1574 3578 ea
1612 3514 1833 3577 13313611
1871 3533 2033 3595 quae
2072 3512 2192 3577 tela
2225 3510 2626 3595 recipiebant

330 3618 592 3705 proprie
639 3615 971 3698 τοξότιὸες
1011 3620 1322 3704 appellari
1363 3620 1599 3685 diserte
1642 3618 1875 3684 dicitur
1913 3619 1983 3683 in
2018 3618 2331 3703 proximis
2369 3615 2631 3704 (Polyb.

334 3726 393 3810 8,
413 3722 515 3813 9):
558 3727 1052 3809 σννεγγίζοντες
1079 3749 1153 3810 γε
1190 3722 1326 3811 μὴν
1360 3721 1529 3810 πρὸς
1564 3721 1691 3810 τὴν
1724 3721 1926 3792 πόλιν
1954 3725 2027 3791 οἱ
2046 3721 2172 3809 μὲν
2197 3735 2340 3801 ταῖς
2368 3719 2483 3790 διὰ
2508 3724 2632 3790 τοῦ

331 3834 588 3916 τείχους
622 3828 1057 3915 τοξότισιν,
1094 3826 1186 3909 ὡς
1220 3827 1442 3899 ἐπάνω
1480 3836 1804 3918 προεῖπον
1838 3828 1908 3918 (i.
1936 3854 1989 3897 e.
2027 3832 2088 3916 8,
2118 3831 2190 3918 7)
2227 3828 2632 3917 κακούμενοι

334 3939 626 4024 συνεχῶς
653 3944 957 4022 εἴργοντο
985 3939 1102 4023 τῆς
1129 3936 1476 4027 προσόδου
1502 3936 1595 4006 κὲ.
1642 3936 1738 4005 Cf.
1766 3938 2020 4004 Demet.
2046 3938 2162 4002 21:
2204 3932 2282 4003 τὸ
2319 3974 2397 3985 -·
2430 3936 2629 4021 μέτω-

329 4066 465 4111 πον
491 4040 782 4133 ἀνέῳκτο
811 4082 884 4093 -
909 4048 1278 4130 θυρίσιν,
1303 4042 1415 4111 καὶ
1445 4039 1558 4110 διὰ
1583 4039 1848 4110 τούτων
1878 4041 2172 4122 ἐξέπιπτε
2199 4040 2358 4128 βέλη
2386 4065 2631 4110 παντο-

334 4147 530 4217 δαπά.
581 4150 922 4217 Eiusmodi
957 4174 1196 4218 nomen
1236 4153 1432 4217 etiam
1459 4152 1602 4218 loco
1631 4154 1859 4217 nostro
1888 4149 2309 4234 desideratur,
2344 4150 2456 4215 ubi
2485 4172 2631 4217 cum

331 4258 750 4342 scorpionibus
781 4258 986 4323 multa
1013 4262 1081 4323 et
1107 4260 1334 4325 crebra
1361 4259 1491 4324 sint
1516 4257 1865 4324 foramina:
1900 4255 2171 4323 πολλῶν
2200 4254 2276 4321 δὲ
2301 4253 2413 4321 καὶ
2441 4273 2633 4323 συνε-

333 4366 478 4452 χῶν
508 4360 864 4450 τρημάτων
895 4365 967 4431 οἱ
988 4367 1297 4450 σκορπίοι
1333 4402 1408 4411 -
1441 4360 1963 4453 παρεστήκεσαν,
1996 4364 2131 4429 telis
2163 4363 2295 4429 illis
2325 4363 2631 4429 brevibus

333 4496 542 4560 neque
603 4467 937 4551 τοξότιδες
997 4494 1207 4560 neque
1270 4473 1479 4550 ullum
1544 4472 1809 4539 omnino
1874 4471 2168 4538 foramen
2230 4470 2632 4559 relinquitur.

2133 4575 2208 4633 2*
