3200 5175
1516 300 1999 366 -106—

608 479 766 565 Pag.
811 479 897 547 39
928 480 987 546 d.
1041 481 1213 545 recte
1269 478 1459 545 dixit:
1521 474 2126 562 δυσπρόσδεκτα
2184 477 2401 542 ποιῶν
2452 473 2534 543 τὰ
2580 476 2902 563 ὠφέλιμα,

607 608 761 652 nam
821 586 1080 652 dicitur:
1139 582 1630 670 προσδέχεσθαι
1684 579 1766 650 τὰ
1822 580 2122 669 ὠφέλιμα
2132 633 2153 668 ,
2187 587 2277 649 nt
2329 586 2525 670 paulo
2580 588 2765 649 ante:
2825 580 2906 649 οὐ

607 693 1091 780 προσδέχονται
1129 693 1262 759 scil.
1296 690 1375 758 τὸ
1412 688 1769 778 χρήσιμονε
1825 696 2167 777 utrumque
2204 692 2446 778 legitur
2489 715 2551 777 p.
2586 692 2721 757 468
2738 692 2783 757 f.
2828 728 2899 739 --

608 799 908 867 Ceterum
957 799 1176 884 Steph.
1235 802 1514 865 annotat
1567 800 1652 865 ab
1709 800 1856 867 aliis
1912 799 2075 865 alias
2123 800 2401 867 lectiones
2461 795 2908 886 δυσπρόσιτος

605 908 707 973 vel
754 904 1282 994 δυσπρόσοιστος
1327 907 1557 975 afferri.

782 1032 864 1099 In
921 1031 1146 1098 eodem
1209 1032 1418 1115 capite
1475 1028 1566 1118 (p.
1612 1031 1740 1096 669
1771 1026 1871 1116 b):
1928 1025 2012 1097 τὰ
2068 1026 2143 1095 δὲ
2195 1025 2746 1116 ὑφαλμυρίζοντα
2802 1055 2908 1117 με-

604 1141 805 1226 τρίως
838 1139 976 1205 τῶν
1009 1139 1240 1203 σιτίων
1278 1131 1369 1201 δι’
1421 1131 1783 1221 εὐστομίαν
1826 1136 1960 1201 πᾶν
2006 1134 2131 1221 μὲν
2180 1143 2374 1203 οἴνου
2419 1136 2615 1222 γένος
2651 1132 2790 1224 ἡδὺ
2828 1140 2906 1225 τῇ

606 1241 832 1330 γεύσει
884 1242 996 1309 καὶ
1051 1249 1235 1310 λεῖον
1291 1240 1549 1327 ἐπάγει,
1601 1243 1739 1309 πᾶν
1796 1240 1871 1309 δὲ
1914 1239 2101 1329 ὕδωρ
2147 1242 2512 1331 προσφιλὲς
2553 1244 2908 1331 παρέχεται

607 1347 959 1436 ἄλκιμον.
1075 1350 1312 1417 Vocem
1383 1346 1669 1436 ἄλκιμον
1744 1352 2093 1418 manifesto
2160 1356 2530 1439 corruptam
2596 1352 2715 1417 alii
2782 1353 2909 1419 alio

608 1459 800 1525 modo
847 1459 1185 1525 emendare
1227 1461 1564 1543 conantur,
1610 1462 1685 1525 ut
1718 1458 1938 1545 Wytt:
1985 1455 2266 1545 ἄχυμον,
2311 1462 2413 1526 vel
2449 1458 2749 1546 παρέχει·
2798 1459 2908 1526 καὶ

604 1561 740 1651 μὴν
805 1559 1043 1650 ἀηδίας
1096 1590 1188 1650 γε.
1279 1565 1612 1631 Fortasse:
1666 1566 1935 1651 παρέχει
1989 1565 2119 1633 καὶ
2172 1562 2512 1646 ἀλυπονς
2574 1590 2817 1653 nempe
2872 1590 2906 1632 e

602 1673 892 1758 vestigiis
941 1674 1246 1758 antiquae
1293 1674 1676 1758 scripturae:
1732 1675 1881 1741 AAV
1888 1674 2053 1741 1.οΝ
2102 1674 2405 1741 librarius
2454 1675 2677 1753 elicuit
2724 1669 2905 1741 ἄλκι-

603 1804 750 1863 μον.
851 1778 1164 1845 Similiter
1218 1805 1280 1866 p.
1331 1782 1451 1846 141
1487 1804 1549 1845 a:
1613 1774 1990 1866 εὐάρμοστα
2052 1778 2164 1847 καὶ
2228 1777 2487 1847 ἄλυπα
2530 1780 2643 1848 καὶ
2701 1798 2905 1867 προσ-

605 1886 769 1970 φιλῆ
815 1885 1142 1971 παρέχειν.
1231 1887 1310 1953 cf.
1364 1910 1428 1972 p.
1478 1888 1607 1953 100
1635 1886 1692 1951 d.
1739 1889 1871 1953 464
1892 1909 1954 1953 e:
2002 1883 2273 1973 εὐμενές
2319 1888 2500 1955 ἐστιν
2567 1884 2749 1956 οὕτω
2794 1887 2903 1954 καὶ

609 1993 812 2077 φίλον
854 1992 966 2058 καὶ
1005 1988 1284 2059 ἄλυπον.
1375 1992 1473 2058 De
1528 2014 1597 2058 re
1654 1994 1879 2059 eadem
1924 2017 1986 2080 p.
2034 1996 2160 2060 697
2196 2018 2229 2061 e
2276 1996 2463 2061 dixit:
2520 1990 2902 2082 εὐάρμοστα

607 2100 687 2186 τῇ
735 2095 960 2183 γεύσει
997 2097 1186 2167 ’ποιεῖ
1225 2098 1336 2167 καὶ
1381 2102 1720 2187 προσφιλῆ
1766 2100 1877 2167 καὶ
1923 2102 2379 2188 κεχαρισμένα.

788 2260 864 2272 --
906 2223 988 2310 V,
1035 2226 1076 2291 2
1125 2224 1215 2310 (p.
1254 2226 1386 2292 670
1413 2224 1510 2313 a):
1557 2228 1621 2292 εί
1665 2224 1739 2294 δὲ
1786 2223 2187 2312 δύσμορφον
2229 2221 2272 2311 ἡ
2319 2215 2399 2303 ὗς
2434 2225 2546 2293 καὶ
2581 2226 2903 2315 θολερόν,

603 2325 748 2397 ἀλλ’
814 2328 897 2399 οὐ
943 2328 1308 2426 ,κανθάρου
1359 2331 1473 2398 καὶ
1526 2340 1704 2419 γρυ*
1756 2332 1868 2399 καὶ
1921 2334 2362 2419 κροκοδείλου
2412 2332 2525 2399 καὶ
2577 2332 2903 2420 αἰλούρου

602 2434 726 2523 τὴν
775 2434 938 2518 ὅφιν
979 2434 1418 2525 ἀτοπώτερον.
1481 2441 1813 2526 Xylander
1859 2440 2209 2527 supplevit:
2254 2436 2510 2525 γρυπός
2544 2442 2649 2506 vel
2683 2442 2903 2527 potius

604 2542 919 2631 μυγάλης.
1012 2546 1508 2633 Wyttenbachii
1555 2548 1949 2646 coniectura:
1996 2542 2240 2632 γυπός
2284 2548 2708 2614 confirmatur
2754 2568 2901 2646 pag.

614 2654 784 2719 1096
815 2676 881 2719 a:
926 2650 1262 2738 κάνθαροι
1305 2653 1418 2720 καὶ
1462 2651 1684 2739 γύπες.

782 2778 1032 2845 Ibidem
1079 2780 1486 2846 scribendum
1532 2784 1721 2867 puto:
1768 2775 1897 2846 ἀπὸ
1946 2781 2231 2866 χρηστῆς
2268 2782 2525 2858 αἰτίας
2561 2777 2709 2866 (pro
2750 2776 2903 2847 ἀπο-

603 2886 971 2971 χρηστῆσαι
1026 2885 1168 2970 καὶ)
1222 2889 1548 2973 τιμᾶσθαι
1601 2887 1902 2972 λέγουσι,
1947 2889 1987 2952 i.
2037 2910 2089 2954 e.
2135 2889 2749 2955 AUOXPHCTHCA!
2802 2939 2817 2954 .
2844 2938 2901 2954 ..

605 3012 999 3096 ΤΙΜΑΕΘΑΙ,
1043 3012 1155 3076 ubi
1191 3012 1494 3078 librarius
1529 3017 1771 3078 temere
1810 3014 2179 3100 expleverat
2218 2988 2355 3097 ΚΑῙ,
2391 3035 2538 3079 cum
2576 3012 2903 3080 debuisset

565 3118 804 3202 ,ΤΙΑΕ,
859 3139 1023 3201 quae
1079 3122 1347 3205 propter
1391 3120 1795 3204 insequentia
1849 3121 2068 3204 ΤΙμΑΕ
2134 3119 2517 3186 exciderant.
2602 3119 2680 3185 cf.
2738 3140 2901 3205 quae

604 3224 799 3309 paulo
874 3227 1028 3310 p'ost
1099 3225 1429 3309 leguntur:
1505 3224 1750 3312 ἑτέρων
1813 3222 1999 3316 ζῴων
2062 3229 2366 3311 μείζονας
2430 3219 2538 3290 ἐπ’
2610 3226 2901 3302 αἰτίαις

601 3332 972 3417 γλίσχραις,
1020 3330 1222 3398 ἐνίων
1269 3329 1343 3398 δὲ
1389 3330 1500 3399 καὶ
1544 3328 1724 3399 πάνυ
1769 3337 2081 3418 γελοίαις,
2125 3328 2351 3420 τιμὰς
2395 3329 2760 3417 ἐχόντων.

785 3493 868 3503 --
915 3455 1086 3543 V‚‚3
1134 3456 1226 3545 (p.
1273 3459 1404 3524 670
1431 3459 1495 3547 f)
1544 3457 2001 3543 supplendum:
2048 3453 2150 3523 ὅτι
2196 3454 2503 3542 μάλισΤΑ
2548 3434 2895 3539 [ΠᾸντων]

609 3563 680 3628 οἰ
717 3559 1052 3649 βάρβαροι
1096 3559 1215 3641 τὰς
1261 3562 1633 3642 ἐπιλευκίας
1676 3563 1788 3631 καὶ
1834 3563 2077 3650 λέπρας
2123 3556 2654 3650 δυσχεραίνουσι.

783 3688 862 3753 In
914 3689 1140 3758 eodem
1195 3712 1333 3775 cap.
1379 3688 1468 3775 (p.
1517 3690 1641 3756 671
1675 3687 1769 3778 f):
1827 3687 1938 3755 καὶ
1998 3686 2247 3774 ταύτην
2308 3685 2547 3775 ἀφιᾶσι
2591 3685 2717 3775 τὴν
2762 3714 2895 3775 φω-

608 3791 760 3878 νήν,
806 3788 974 3860 ὅταν
1018 3790 1375 3882 ὀργιάζωσι
1420 3797 1510 3885 τῷ
1557 3797 1698 3887 θεῷ
1720 3797 1888 3862 *σιν
1934 3795 2071 3862 ἐστὶ
2118 3793 2339 3882 δήπου
2382 3795 2493 3863 καὶ
2536 3792 2717 3882 παρὰ
2763 3803 2894 3880 Δη-

608 3899 989 3986 μοσθένους
1033 3905 1284 3986 λαβεῖν.
1376 3899 1717 3990 Supplent:
1770 3893 1868 3970 ὧν
1911 3907 2138 3969 πίστιν
2182 3906 2320 3970 ἔστι
2366 3900 2587 3989 δήπου
2631 3901 2721 3969 κὲ.
2812 3903 2897 3968 Et

611 4009 968 4075 sententiae
1016 4013 1082 4074 et
1126 4009 1462 4076 literarum
1506 4011 1799 4097 vestigiis
1839 4011 2318 4078 accomodatius
2356 4014 2482 4076 est:
2529 3999 2628 4076 ὧν
2660 4012 2894 4076 πίστω-

605 4131 719 4181 σιν
755 4117 892 4182 ἔστι
931 4112 1151 4201 δήπου
1187 4119 1440 4200 λαβεῖν,
1488 4117 1530 4182 i.
1558 4139 1610 4183 e.
1652 4110 1693 4182 ἃ
1731 4120 1866 4182 ἔστι
1903 4114 2385 4185 πιστώσασθαι.
2460 4119 2709 4186 Πίστιν
2743 4122 2895 4201 λαμ·

603 4219 841 4306 βάνειν
884 4221 1065 4308 παρά
1108 4247 1296 4300 τινος
1339 4224 1534 4289 aliam
1583 4225 2121 4311 significationem
2164 4225 2384 4290 habet.

782 4329 943 4396 Post
993 4353 1202 4415 pauca
1259 4328 1352 4417 (p.
1400 4331 1530 4397 672
1559 4329 1656 4417 a)=
1711 4326 1873 4398 ὅταν
1930 4327 2004 4396 δὲ
2048 4327 2272 4418 κωλύῃ
2318 4355 2382 4397 τι
2428 4335 2684 4417 μεῖζον,
2738 4326 2893 4398 ἀπο-

605 4431 934 4533 γεύεσθαί
961 4460 1036 4521 γε
1063 4431 1328 4514 πάντως
1355 4433 1651 4523 ἀκράτου
1678 4441 2071 4524 νομίζοντες.
2118 4437 2256 4504 Καὶ
2290 4439 2499 4505 ταῦτα
2524 4434 2649 4524 μὲν
2676 4433 2893 4504 εἰκότα
