3200 5175
1531 335 1971 418 -18-'-

606 551 742 595 non
787 549 930 594 esse
975 527 1259 594 ostendit
1302 549 1354 592 c.
1405 527 1513 594 19:
1561 529 1762 611 ζῆλον
1808 521 2123 611 ἀλλήλοις
2166 524 2481 604 ἐνιέντας.
2556 523 2899 611 Corrigen-

607 636 761 704 dum
823 635 1025 720 igitur
1079 632 1466 718 ἐντείναι,
1529 635 1609 700 de
1666 657 1795 721 quo
1849 657 1933 700 ne
1988 634 2317 700 dubitetur
2372 633 2453 699 cf.
2508 655 2567 718 p.
2624 633 2708 698 61
2740 653 2801 696 e:
2858 623 2903 714 ἦ

599 738 832 829 θυμὸν
881 741 1262 810 ἐντείνων
1307 737 1601 826 ἀνόητον
1644 735 1687 826 ἢ
1737 742 2211 828 διερεθίζων
2254 735 2550 824 φθόνον.
2608 763 2669 825 p.
2718 739 2805 806 74
2834 761 2903 803 a:

601 848 889 916 ἐντεῖναι
933 847 1046 914 καὶ
1089 849 1532 935 παρορμῆσαι.

779 991 892 1058 32:
948 985 1078 1056 άπὸ
1131 991 1269 1056 τῶν
1325 985 1555 1076 ἄκρων
1606 987 1900 1058 κατιδὼν
1946 990 2381 1078 (Πελοπίδας)
2426 987 2503 1057 τὸ
2551 987 2904 1077 στρατόπε-

537 1083 554 1098 ⁰
605 1099 731 1163 δον
775 1097 914 1162 τῶν
956 1099 1294 1184 πολεμίων
1342 1092 1526 1163 οὔπω
1572 1094 1698 1181 μὲν
1744 1099 1838 1175 εἰς
1872 1093 2101 1183 φυγήν
2140 1095 2610 1183 τετραμμένον,
2655 1093 2785 1181 ἤδη
2826 1095 2907 1163 δὲ

603 1199 917 1290 θορύβου
973 1201 1083 1269 καὶ
1127 1203 1416 1290 ταραχῆς
1458 1198 2085 1289 ἀναπιμπλάμενον,
2142 1205 2295 1288 ἔστη
2342 1202 2451 1270 καὶ
2498 1203 2721 1290 περιέ
2728 1221 2908 1290 στη·

605 1327 743 1376 σεν
788 1305 1036 1376 αὑτὸν
1086 1311 1296 1395 ζητῶν
1340 1307 1461 1376 τὸν
1491 1306 1949 1396 Ἀλέξανδρον.
2012 1311 2139 1377 Pro
2179 1313 2376 1378 verbo
2416 1312 2498 1377 ad
2534 1311 2911 1398 intelligen-

604 1419 755 1483 dum
795 1417 1068 1484 difficili:
1105 1417 1620 1504 περιέστησεν
1657 1411 1899 1484 αὑτὸν
1938 1417 2323 1484 Sintenisius
2362 1419 2624 1504 scripsit
2650 1416 2911 1504 περιέ-

519 1558 524 1562 ·
602 1529 892 1610 βλεψεν
948 1520 1226 1604 αὑτόν;
1284 1547 1476 1612 quam
1533 1523 1997 1592 correctionem
2052 1529 2126 1590 ut
2180 1547 2258 1590 ex
2304 1524 2653 1590 Germania
2699 1545 2913 1590 arces-

603 1632 797 1699 sitam
861 1631 1034 1719 (sich
1099 1629 1442 1719 umsehen)
1494 1630 1866 1717 Madvigius
1929 1633 2305 1719 vituperans
2368 1633 2507 1718 ipse
2562 1635 2915 1718 proposuit

607 1741 877 1804 alteram
923 1740 1122 1806 immo
1151 1738 1498 1804 Danicam:
1545 1740 2007 1824 περιεδίνησεν
2053 1733 2280 1806 αὑτόν.
2350 1737 2645 1825 Utraque
2690 1761 2915 1805 emen-

613 1845 874 1911 datione
931 1845 1130 1930 longe
1185 1848 1619 1930 praestantior
1664 1847 1777 1911 illa
1820 1845 2083 1910 tandem
2132 1845 2377 1912 Graeca
2422 1844 2647 1912 Corais
2693 1847 2916 1912 nostri

603 1952 859 2018 videtur
938 1951 1002 2017 h.
1045 1974 1121 2040 e.
1195 1951 1851 2038 περιεσκόπησεν,
1924 1946 2137 2018 αὐτὸν
2212 1953 2423 2036 ζητῶν
2493 1950 2617 2019 τὸν
2682 1946 2915 2036 ung„

611 2081 806 2144 quam
862 2059 1042 2125 locus
1091 2060 1322 2125 similis
1369 2060 1594 2144 Pyrrh.
1648 2061 1756 2125 11:
1815 2055 1936 2125 τὸν
1983 2056 2269 2146 Πύρρον
2316 2056 2644 2143 ἐζήτουν
2688 2082 2911 2146 περι-

604 2167 1125 2249 σκοποῦντες,
1172 2189 1336 2252 quae
1381 2168 1551 2233 idem
1596 2167 1732 2232 fere
1776 2167 1999 2233 valent
2036 2188 2111 2232 ac
2147 2162 2733 2252 περιεσκόπουν
2781 2169 2909 2249 ζη-

599 2273 749 2338 τοῦ
762 2295 966 2356 ντες,
1014 2273 1173 2340 satis
1220 2273 1580 2340 confirmat.
1672 2273 1979 2339 Similiter
2022 2274 2357 2340 Amiotus:
2408 2273 2577 2358 jetta
2623 2295 2698 2338 sa
2740 2295 2913 2338 veue

603 2383 680 2468 ca
727 2384 792 2445 et
835 2382 902 2445 la
945 2385 1092 2446 tout
1137 2383 1177 2445 a
1220 2382 1513 2447 l'entour.

783 2521 1110 2589 Marcelli
1156 2523 1196 2589 8
1245 2545 1294 2589 s,
1341 2522 1386 2588 f.
1449 2517 1618 2589 ῶστε
1671 2519 1785 2588 καὶ
1829 2521 1921 2611 τῶ
1968 2524 2217 2611 Πυθίῳ
2264 2523 2565 2609 χρυσοῦν
2608 2522 2910 2611 κρατῆρα

602 2624 750 2696 ἀπὸ
809 2630 1104 2714 λιτρῶν
1147 2630 1246 2707 είς
1282 2624 1598 2712 Δελφοὺς
1643 2622 2026 2694 ἀποστεῖλαι
2072 2624 2525 2715 χαριστήριον.
2600 2626 2907 2695 Scriben-

606 2760 762 2823 pum
789 2740 979 2823 puto:
1017 2729 1145 2801 ἀπὸ
1175 2733 1434 2820 λιτρῶΝ
1477 2730 1542 2800 Ρ’
1564 2732 1633 2822 (i.
1654 2757 1705 2801 e.
1729 2730 2011 2822 ἑκατόν).
2066 2735 2463 2803 Praecedens
2496 2738 2545 2802 N
2578 2724 2911 2819 absorbssit

606 2844 669 2910 Ρ.
725 2843 804 2910 cf.
851 2866 1028 2909 meas
1075 2836 1297 2909 annot.
1343 2841 1412 2907 in
1457 2866 1520 2927 p.
1565 2844 1655 2908 44
1685 2843 1747 2907 b.
1838 2841 2149 2909 Similiter
2195 2841 2524 2909 Amiotus:
2584 2843 2669 2908 du
2712 2844 2907 2929 poids

605 2951 682 3016 de
731 2957 877 3016 cent
921 2972 1150 3016 mares·
1241 2948 1540 3014 Reiskius
1585 2950 1948 3035 dubitabat,
1991 2971 2147 3014 num
2196 2972 2232 3013 ο
2280 2970 2360 3013 an
2408 2953 2447 3014 λ
2494 2946 2615 3037 (70
2660 2972 2746 3015 an
2787 2948 2908 3036 30)

607 3056 969 3123 excidisset.
1070 3055 1167 3122 Cf.
1229 3054 1456 3141 Pomp.
1523 3056 1636 3121 71:
1709 3050 1984 3142 ἀνδρῶν
2060 3049 2369 3139 ἑκατὸν,
2440 3055 2555 3120 ubi
2620 3050 2909 3121 ἑκατόν

609 3166 968 3231 omiserunt
1012 3162 1169 3229 Aoi.

792 3290 901 3356 13:
957 3284 1181 3372 λόγων
1240 3286 1316 3355 δὲ
1367 3288 1637 3355 πολλῶν
1682 3286 2089 3375 γενομένων,
2136 3284 2491 3373 ἐποιήσατο
2536 3272 2817 3374 γνῶμην
2862 3285 2910 3375 ἡ

605 3392 819 3482 βουλὴ
866 3393 1081 3483 μηδὲν
1125 3397 1222 3473 εἰς
1254 3390 1335 3461 τὰ
1375 3390 1667 3480 δημόσια
1702 3390 2053 3481 πράγματα
2092 3396 2362 3461 δεῖσθαι
2387 3382 2757 3481 Ῥωμαίους
2792 3391 2912 3463 ἆν-

602 3500 904 3589 θρῶπων
939 3498 1327 3589 ἀνάνδρων·
1374 3503 1436 3567 εί
1471 3498 1546 3566 δὲ
1581 3497 1894 3585 βούλεται
1930 3502 2224 3589 χρῆσθαι
2252 3498 2650 3587 Μάρκελλος
2676 3495 2912 3581 αὐτοῖς

607 3616 794 3687 ἴσως
853 3607 1138 3694 μηδενὶ
1196 3609 1332 3675 τῶν
1395 3602 1496 3675 ἐπ’
1554 3602 1836 3697 ἀνδρείᾳ
1890 3608 2348 3694 νομιζομένων
2394 3604 2749 3693 στεφάνων
2792 3608 2911 3675 καὶ

603 3716 823 3802 γερῶν
864 3726 1092 3800 τυχεῖν
1136 3709 1250 3780 ὑπ’
1303 3710 1640 3801 ἄρχοντος.
1732 3714 2110 3781 Orationem
2154 3715 2559 3781 laborantem
2604 3715 2908 3783 Reiskius

605 3823 700 3887 ita
753 3821 1222 3889 restituendam
1282 3822 1559 3887 monuit:
1626 3814 1856 3899 αὐτοῖς
1908 3818 2119 3907 ὅμως,
2184 3816 2425 3907 μηδενὶ
2478 3820 2722 3901 ἐξεῖναι
2767 3823 2909 3889 τῶν

608 3922 712 3994 ἐπ’
774 3922 1055 4015 ἀνδρείᾳ
1109 3928 1214 3993 vel
1267 3921 1528 4011 αὐτοῖς,
1591 3922 1765 4005 ὅλως
1816 3927 2059 4015 μηδενὶ
2114 3927 2359 4007 ἐξεῖναι
2410 3925 2501 3993 κέ.
2592 3928 2719 3994 Pro
2764 3953 2908 4013 μη-

609 4032 755 4099 δενὶ
815 4055 1178 4118 anonymus
1237 4032 1378 4099 dat:
1434 4033 1741 4119 μηδενός.
1831 4034 2203 4121 Madvigius
2260 4036 2454 4101 scribi
2498 4036 2665 4101 vult:
2718 4036 2785 4101 εἰ
2828 4032 2908 4101 δὲ

607 4136 956 4225 βούλεται,
1015 4140 1312 4227 χρῆσθαι
1367 4136 1771 4226 Μάρκελλον
1826 4137 2055 4218 αὐτοῖς
2107 4136 2276 4209 ῶστε
2329 4137 2619 4227 μηδενὸς
2668 4176 2745 4191 -·
2794 4166 2907 4209 τυ-

605 4257 766 4333 χεῖν.
873 4247 1176 4313 Fortasse
1240 4251 1560 4332 praestat:
1624 4249 1716 4315 Εἰ
1758 4243 1834 4312 δὲ
1896 4243 2083 4332 βούλ.
2146 4247 2443 4333 χρῆσθαι
2508 4243 2909 4335 Μάρκελλος

607 4353 869 4456 αὖτοῙΕ,
917 4338 1161 4453 [Εἰ]ιιός
1213 4396 1310 4457 μη
1323 4374 1365 4437 δ
1375 4371 1496 4440 ενὶ.
1548 4410 1627 4421 -
1675 4382 1900 4457 τυχεῖν
1946 4374 1989 4438 i.
2036 4394 2087 4439 e.
2134 4367 2312 4448 εἰκός
2356 4369 2495 4439 ἐστι
2538 4368 2662 4439 τὸν
2707 4368 2903 4459 Μάρ·

603 4482 841 4545 κελλον
901 4472 1068 4561 ὑπὲρ
1123 4474 1415 4563 μηδενὸς
1478 4487 1705 4563 τυχεῖν
1759 4480 1898 4547 τῶν
1952 4516 2027 4527 --
2092 4474 2448 4562 στεφάνων
2498 4476 2611 4545 καὶ
2664 4481 2905 4565 γερῶν.
