<?xml version="1.0" encoding="UTF-8"?>
<!DOCTYPE html PUBLIC "-//W3C//DTD XHTML 1.0 Transitional//EN"
    "http://www.w3.org/TR/xhtml1/DTD/xhtml1-transitional.dtd">
<html xmlns="http://www.w3.org/1999/xhtml" xml:lang="en" lang="en">
 <head>
  <title>
</title>
<meta http-equiv="Content-Type" content="text/html;charset=utf-8" />
  <meta name='ocr-system' content='tesseract 3.04.00' />
  <meta name='ocr-capabilities' content='ocr_page ocr_carea ocr_par ocr_line ocrx_word'/>
</head>
<body>
  <div class='ocr_page' id='page_1' title='image "./symbolaecritica00unkngoog_0060.png"; bbox 0 0 3200 5175; ppageno 0'>
   <div class='ocr_carea' id='block_1_1' title="bbox 1453 275 1967 396">
    <p class='ocr_par' dir='ltr' id='par_1_1' title="bbox 1453 275 1967 396">
     <span class='ocr_line' id='line_1_1' title="bbox 1453 275 1967 396; baseline 0.002 -1"><span class='ocrx_word' id='word_1_1' title='bbox 1453 275 1967 396; x_wconf 20' lang='lat'><strong>⁴-48—</strong></span> 
     </span>
    </p>
   </div>
   <div class='ocr_carea' id='block_1_2' title="bbox 585 500 2907 4556">
    <p class='ocr_par' dir='ltr' id='par_1_2' title="bbox 588 500 2907 2517">
     <span class='ocr_line' id='line_1_2' title="bbox 593 500 2903 595; baseline 0 -21"><span class='ocrx_word' id='word_1_2' title='bbox 593 505 668 575; x_wconf 81' lang='grc' dir='ltr'><strong><em>ἕτ</em></strong></span> <span class='ocrx_word' id='word_1_3' title='bbox 685 507 766 594; x_wconf 86' lang='grc' dir='ltr'><strong><em>έρ</em></strong></span> <span class='ocrx_word' id='word_1_4' title='bbox 779 532 870 574; x_wconf 94' lang='grc' dir='ltr'><strong><em>ου</em></strong></span> <span class='ocrx_word' id='word_1_5' title='bbox 923 503 1000 574; x_wconf 89' lang='grc' dir='ltr'><strong><em>τὸ</em></strong></span> <span class='ocrx_word' id='word_1_6' title='bbox 1056 509 1521 595; x_wconf 78' lang='grc' dir='ltr'><strong><em>λοιδορεῖσθαι</em></strong></span> <span class='ocrx_word' id='word_1_7' title='bbox 1575 505 1687 574; x_wconf 75' lang='grc' dir='ltr'><strong><em>καὶ</em></strong></span> <span class='ocrx_word' id='word_1_8' title='bbox 1740 508 1957 584; x_wconf 77' lang='grc' dir='ltr'><strong><em>κακῶς</em></strong></span> <span class='ocrx_word' id='word_1_9' title='bbox 2000 502 2273 573; x_wconf 76' lang='grc' dir='ltr'><strong><em>ἀκούειν</em></strong></span> <span class='ocrx_word' id='word_1_10' title='bbox 2318 500 2528 573; x_wconf 78' lang='grc' dir='ltr'><strong><em>αὐτὸν</em></strong></span> <span class='ocrx_word' id='word_1_11' title='bbox 2572 503 2705 574; x_wconf 83' lang='grc' dir='ltr'><strong><em>ὑπὸ</em></strong></span> <span class='ocrx_word' id='word_1_12' title='bbox 2751 507 2903 574; x_wconf 72' lang='grc' dir='ltr'><strong><em>τῶν</em></strong></span> 
     </span>
     <span class='ocr_line' id='line_1_3' title="bbox 593 604 2905 702; baseline -0 -21"><span class='ocrx_word' id='word_1_13' title='bbox 593 615 877 702; x_wconf 75' lang='grc' dir='ltr'><strong><em>ἐχθρῶν.</em></strong></span> <span class='ocrx_word' id='word_1_14' title='bbox 950 614 1301 700; x_wconf 81' lang='lat' dir='ltr'><strong>Wyttenb:</strong></span> <span class='ocrx_word' id='word_1_15' title='bbox 1357 613 1543 682; x_wconf 80' lang='grc' dir='ltr'><strong><em>τουτὶ</em></strong></span> <span class='ocrx_word' id='word_1_16' title='bbox 1588 611 1713 700; x_wconf 73' lang='grc' dir='ltr'><strong><em>μὲν</em></strong></span> <span class='ocrx_word' id='word_1_17' title='bbox 1760 604 1887 681; x_wconf 85' lang='grc' dir='ltr'><strong><em>οὖν</em></strong></span> <span class='ocrx_word' id='word_1_18' title='bbox 1933 612 2008 681; x_wconf 78' lang='grc' dir='ltr'><strong><em>ἕν</em></strong></span> <span class='ocrx_word' id='word_1_19' title='bbox 2057 612 2196 679; x_wconf 83' lang='grc' dir='ltr'><strong><em>ἐστι</em></strong></span> <span class='ocrx_word' id='word_1_20' title='bbox 2239 615 2363 681; x_wconf 82' lang='grc' dir='ltr'><strong><em>τοῦ</em></strong></span> <span class='ocrx_word' id='word_1_21' title='bbox 2409 615 2751 700; x_wconf 76' lang='grc' dir='ltr'><strong><em>λοιδορεῖν</em></strong></span> <span class='ocrx_word' id='word_1_22' title='bbox 2786 653 2905 699; x_wconf 90' lang='lat'><strong><em>——‚</em></strong></span> 
     </span>
     <span class='ocr_line' id='line_1_4' title="bbox 594 715 2907 811; baseline -0.001 -21"><span class='ocrx_word' id='word_1_23' title='bbox 594 718 720 790; x_wconf 78' lang='grc' dir='ltr'><strong><em>οὐκ</em></strong></span> <span class='ocrx_word' id='word_1_24' title='bbox 763 726 1037 790; x_wconf 83' lang='grc' dir='ltr'><strong><em>ἔλαττον</em></strong></span> <span class='ocrx_word' id='word_1_25' title='bbox 1084 720 1160 788; x_wconf 78' lang='grc' dir='ltr'><strong><em>δὲ</em></strong></span> <span class='ocrx_word' id='word_1_26' title='bbox 1205 721 1435 811; x_wconf 79' lang='grc' dir='ltr'><strong><em>ἕτερον</em></strong></span> <span class='ocrx_word' id='word_1_27' title='bbox 1479 724 1606 790; x_wconf 81' lang='grc' dir='ltr'><strong><em>τοῦ</em></strong></span> <span class='ocrx_word' id='word_1_28' title='bbox 1648 724 2115 808; x_wconf 72' lang='grc' dir='ltr'><strong><em>λοιδορεῖσθαι</em></strong></span> <span class='ocrx_word' id='word_1_29' title='bbox 2159 719 2251 788; x_wconf 79' lang='grc' dir='ltr'><strong><em>κὲ.</em></strong></span> <span class='ocrx_word' id='word_1_30' title='bbox 2304 722 2718 788; x_wconf 82' lang='lat' dir='ltr'><strong>Duebnerus:</strong></span> <span class='ocrx_word' id='word_1_31' title='bbox 2766 715 2907 788; x_wconf 75' lang='grc' dir='ltr'><strong><em>οὐκ</em></strong></span> 
     </span>
     <span class='ocr_line' id='line_1_5' title="bbox 591 823 2894 917; baseline -0.002 -21"><span class='ocrx_word' id='word_1_32' title='bbox 591 833 867 898; x_wconf 82' lang='grc' dir='ltr'><strong><em>ἔλαττον</em></strong></span> <span class='ocrx_word' id='word_1_33' title='bbox 915 827 990 898; x_wconf 73' lang='grc' dir='ltr'><strong><em>δὲ</em></strong></span> <span class='ocrx_word' id='word_1_34' title='bbox 1051 828 1326 917; x_wconf 78' lang='grc' dir='ltr'><strong><em>ἑτέρων,</em></strong></span> <span class='ocrx_word' id='word_1_35' title='bbox 1379 826 1454 896; x_wconf 86' lang='grc' dir='ltr'><strong><em>τὸ</em></strong></span> <span class='ocrx_word' id='word_1_36' title='bbox 1501 830 1755 915; x_wconf 87' lang='grc' dir='ltr'><strong><em>λοιδορ.</em></strong></span> <span class='ocrx_word' id='word_1_37' title='bbox 1844 829 2240 915; x_wconf 79' lang='lat' dir='ltr'><strong>Madvigius:</strong></span> <span class='ocrx_word' id='word_1_38' title='bbox 2301 825 2427 894; x_wconf 84' lang='grc' dir='ltr'><strong><em>οὐκ</em></strong></span> <span class='ocrx_word' id='word_1_39' title='bbox 2485 831 2761 895; x_wconf 82' lang='grc' dir='ltr'><strong><em>ἔλαττον</em></strong></span> <span class='ocrx_word' id='word_1_40' title='bbox 2822 823 2894 892; x_wconf 88' lang='grc' dir='ltr'><strong><em>δ’</em></strong></span> 
     </span>
     <span class='ocr_line' id='line_1_6' title="bbox 592 933 2900 1023; baseline -0.002 -21"><span class='ocrx_word' id='word_1_41' title='bbox 592 936 855 1023; x_wconf 80' lang='grc' dir='ltr'><strong><em>ἕτερον,</em></strong></span> <span class='ocrx_word' id='word_1_42' title='bbox 907 933 983 1003; x_wconf 89' lang='grc' dir='ltr'><strong><em>τὸ</em></strong></span> <span class='ocrx_word' id='word_1_43' title='bbox 1033 938 1204 1002; x_wconf 88' lang='grc' dir='ltr'><strong><em>λοιδ.</em></strong></span> <span class='ocrx_word' id='word_1_44' title='bbox 1256 975 1342 985; x_wconf 89' lang='grc'><strong>-</strong></span> <span class='ocrx_word' id='word_1_45' title='bbox 1390 935 1574 1002; x_wconf 87' lang='lat' dir='ltr'><strong>Nihil</strong></span> <span class='ocrx_word' id='word_1_46' title='bbox 1623 936 2101 1003; x_wconf 77' lang='lat' dir='ltr'><strong>sollicitandum</strong></span> <span class='ocrx_word' id='word_1_47' title='bbox 2146 935 2309 1000; x_wconf 86' lang='lat' dir='ltr'><strong>mihi</strong></span> <span class='ocrx_word' id='word_1_48' title='bbox 2352 936 2627 1001; x_wconf 79' lang='lat' dir='ltr'><strong>videtur.</strong></span> <span class='ocrx_word' id='word_1_49' title='bbox 2720 933 2900 1011; x_wconf 82' lang='lat' dir='ltr'><strong>Quid</strong></span> 
     </span>
     <span class='ocr_line' id='line_1_7' title="bbox 588 1041 2901 1127; baseline -0 -19"><span class='ocrx_word' id='word_1_50' title='bbox 588 1045 764 1109; x_wconf 90' lang='lat' dir='ltr'><strong>enim</strong></span> <span class='ocrx_word' id='word_1_51' title='bbox 823 1044 1130 1110; x_wconf 72' lang='lat' dir='ltr'><strong>utilitatis</strong></span> <span class='ocrx_word' id='word_1_52' title='bbox 1190 1045 1260 1109; x_wconf 92' lang='lat' dir='ltr'><strong>in</strong></span> <span class='ocrx_word' id='word_1_53' title='bbox 1315 1044 1759 1111; x_wconf 82' lang='lat' dir='ltr'><strong>maledicendo</strong></span> <span class='ocrx_word' id='word_1_54' title='bbox 1816 1045 1904 1108; x_wconf 80' lang='lat' dir='ltr'><strong><em>sit</em></strong></span> <span class='ocrx_word' id='word_1_55' title='bbox 1962 1046 2111 1108; x_wconf 88' lang='lat' dir='ltr'><strong>ante</strong></span> <span class='ocrx_word' id='word_1_56' title='bbox 2174 1043 2338 1108; x_wconf 84' lang='lat' dir='ltr'><strong>dixit</strong></span> <span class='ocrx_word' id='word_1_57' title='bbox 2394 1065 2445 1108; x_wconf 84' lang='grc' dir='ltr'><strong><em>ο.</em></strong></span> <span class='ocrx_word' id='word_1_58' title='bbox 2502 1041 2545 1109; x_wconf 84' lang='grc'>5</span> <span class='ocrx_word' id='word_1_59' title='bbox 2601 1065 2663 1127; x_wconf 89' lang='lat' dir='ltr'><strong><em>p.</em></strong></span> <span class='ocrx_word' id='word_1_60' title='bbox 2710 1042 2793 1107; x_wconf 89' lang='lat'><strong><em>88</em></strong></span> <span class='ocrx_word' id='word_1_61' title='bbox 2828 1064 2901 1107; x_wconf 71' lang='lat' dir='ltr'><strong>ez</strong></span> 
     </span>
     <span class='ocr_line' id='line_1_8' title="bbox 588 1143 2905 1237; baseline -0.001 -21"><span class='ocrx_word' id='word_1_62' title='bbox 588 1145 626 1216; x_wconf 82' lang='grc' dir='ltr'>ὁ</span> <span class='ocrx_word' id='word_1_63' title='bbox 694 1146 769 1215; x_wconf 75' lang='grc' dir='ltr'><strong><em>δὲ</em></strong></span> <span class='ocrx_word' id='word_1_64' title='bbox 825 1145 1230 1236; x_wconf 73' lang='grc' dir='ltr'><strong><em>λοιδορήσας</em></strong></span> <span class='ocrx_word' id='word_1_65' title='bbox 1282 1147 1405 1217; x_wconf 90' lang='grc' dir='ltr'><strong><em>τὸν</em></strong></span> <span class='ocrx_word' id='word_1_66' title='bbox 1467 1149 1699 1237; x_wconf 77' lang='grc' dir='ltr'><strong><em>ἑτέρου</em></strong></span> <span class='ocrx_word' id='word_1_67' title='bbox 1752 1152 1931 1234; x_wconf 89' lang='grc' dir='ltr'><strong><em>βίον,</em></strong></span> <span class='ocrx_word' id='word_1_68' title='bbox 1984 1143 2072 1216; x_wconf 78' lang='grc' dir='ltr'><strong><em>ἂν</em></strong></span> <span class='ocrx_word' id='word_1_69' title='bbox 2124 1143 2335 1227; x_wconf 76' lang='grc' dir='ltr'><strong><em>εὐθὺς</em></strong></span> <span class='ocrx_word' id='word_1_70' title='bbox 2397 1149 2717 1235; x_wconf 77' lang='grc' dir='ltr'><strong><em>ἐπισκοπῇ</em></strong></span> <span class='ocrx_word' id='word_1_71' title='bbox 2769 1143 2905 1214; x_wconf 86' lang='grc' dir='ltr'><strong><em>τὸν</em></strong></span> 
     </span>
     <span class='ocr_line' id='line_1_9' title="bbox 590 1249 2907 1344; baseline -0 -23"><span class='ocrx_word' id='word_1_72' title='bbox 590 1254 834 1322; x_wconf 76' lang='grc' dir='ltr'><strong><em>ἑαυτοῦ</em></strong></span> <span class='ocrx_word' id='word_1_73' title='bbox 879 1255 990 1321; x_wconf 87' lang='grc' dir='ltr'><strong><em>καὶ</em></strong></span> <span class='ocrx_word' id='word_1_74' title='bbox 1037 1254 1462 1344; x_wconf 75' lang='grc' dir='ltr'><strong><em>μεθαρμόττῃ</em></strong></span> <span class='ocrx_word' id='word_1_75' title='bbox 1499 1251 1668 1342; x_wconf 85' lang='grc' dir='ltr'><strong><em>πρὸς</em></strong></span> <span class='ocrx_word' id='word_1_76' title='bbox 1700 1251 2102 1323; x_wconf 80' lang='grc' dir='ltr'><strong><em>τούναντίον</em></strong></span> <span class='ocrx_word' id='word_1_77' title='bbox 2140 1249 2553 1322; x_wconf 76' lang='grc' dir='ltr'><strong><em>ἀπευθύνων</em></strong></span> <span class='ocrx_word' id='word_1_78' title='bbox 2588 1252 2699 1320; x_wconf 84' lang='grc' dir='ltr'><strong><em>καὶ</em></strong></span> <span class='ocrx_word' id='word_1_79' title='bbox 2736 1249 2907 1320; x_wconf 83' lang='grc' dir='ltr'><strong><em>ἀπο-</em></strong></span> 
     </span>
     <span class='ocr_line' id='line_1_10' title="bbox 593 1348 2905 1450; baseline -0.001 -22"><span class='ocrx_word' id='word_1_80' title='bbox 593 1361 932 1450; x_wconf 82' lang='grc' dir='ltr'><strong><em>στρέφων,</em></strong></span> <span class='ocrx_word' id='word_1_81' title='bbox 979 1361 1133 1442; x_wconf 77' lang='grc' dir='ltr'><strong><em>ἕξει</em></strong></span> <span class='ocrx_word' id='word_1_82' title='bbox 1179 1386 1258 1429; x_wconf 91' lang='grc' dir='ltr'><strong><em>τι</em></strong></span> <span class='ocrx_word' id='word_1_83' title='bbox 1303 1361 1696 1450; x_wconf 82' lang='grc' dir='ltr'><strong><em>χρήσιμον</em></strong></span> <span class='ocrx_word' id='word_1_84' title='bbox 1740 1362 1813 1430; x_wconf 75' lang='grc' dir='ltr'><strong><em>ἐκ</em></strong></span> <span class='ocrx_word' id='word_1_85' title='bbox 1856 1363 1979 1429; x_wconf 85' lang='grc' dir='ltr'><strong><em>τοῦ</em></strong></span> <span class='ocrx_word' id='word_1_86' title='bbox 2024 1363 2385 1449; x_wconf 78' lang='grc' dir='ltr'><strong><em>λοιδορεῖν,</em></strong></span> <span class='ocrx_word' id='word_1_87' title='bbox 2429 1357 2649 1439; x_wconf 79' lang='grc' dir='ltr'><strong><em>ἄλλως</em></strong></span> <span class='ocrx_word' id='word_1_88' title='bbox 2694 1348 2905 1445; x_wconf 82' lang='grc' dir='ltr'><strong><em>ἀχρή-</em></strong></span> 
     </span>
     <span class='ocr_line' id='line_1_11' title="bbox 591 1464 2907 1554; baseline -0.001 -19"><span class='ocrx_word' id='word_1_89' title='bbox 591 1487 753 1536; x_wconf 87' lang='grc' dir='ltr'><strong><em>στου</em></strong></span> <span class='ocrx_word' id='word_1_90' title='bbox 787 1468 898 1536; x_wconf 84' lang='grc' dir='ltr'><strong><em>καὶ</em></strong></span> <span class='ocrx_word' id='word_1_91' title='bbox 934 1471 1138 1537; x_wconf 81' lang='grc' dir='ltr'><strong><em>κενοῦ</em></strong></span> <span class='ocrx_word' id='word_1_92' title='bbox 1175 1472 1548 1550; x_wconf 73' lang='grc' dir='ltr'><strong><em>δοκοῦντος</em></strong></span> <span class='ocrx_word' id='word_1_93' title='bbox 1585 1465 1759 1537; x_wconf 86' lang='grc' dir='ltr'><strong><em>εἶναι</em></strong></span> <span class='ocrx_word' id='word_1_94' title='bbox 1794 1467 1907 1536; x_wconf 79' lang='grc' dir='ltr'><strong><em>καὶ</em></strong></span> <span class='ocrx_word' id='word_1_95' title='bbox 1944 1464 2155 1546; x_wconf 81' lang='grc' dir='ltr'><strong><em>ὄντος.</em></strong></span> <span class='ocrx_word' id='word_1_96' title='bbox 2210 1470 2353 1535; x_wconf 87' lang='lat' dir='ltr'><strong>Iam</strong></span> <span class='ocrx_word' id='word_1_97' title='bbox 2389 1468 2547 1554; x_wconf 90' lang='lat' dir='ltr'><strong>quid</strong></span> <span class='ocrx_word' id='word_1_98' title='bbox 2584 1467 2907 1535; x_wconf 80' lang='lat' dir='ltr'><strong>utilitatis</strong></span> 
     </span>
     <span class='ocr_line' id='line_1_12' title="bbox 597 1570 2907 1664; baseline -0.001 -21"><span class='ocrx_word' id='word_1_99' title='bbox 597 1579 684 1643; x_wconf 81' lang='lat' dir='ltr'><strong><em>sit</em></strong></span> <span class='ocrx_word' id='word_1_100' title='bbox 720 1578 788 1642; x_wconf 92' lang='lat' dir='ltr'><strong>in</strong></span> <span class='ocrx_word' id='word_1_101' title='bbox 817 1577 1176 1643; x_wconf 82' lang='lat' dir='ltr'><strong>maledictis</strong></span> <span class='ocrx_word' id='word_1_102' title='bbox 1207 1579 1562 1664; x_wconf 80' lang='lat' dir='ltr'><strong>audiendis,</strong></span> <span class='ocrx_word' id='word_1_103' title='bbox 1601 1579 1827 1644; x_wconf 80' lang='lat' dir='ltr'><strong>statim</strong></span> <span class='ocrx_word' id='word_1_104' title='bbox 1856 1580 2150 1662; x_wconf 85' lang='lat' dir='ltr'><strong>exponet.</strong></span> <span class='ocrx_word' id='word_1_105' title='bbox 2196 1576 2433 1641; x_wconf 83' lang='lat' dir='ltr'><strong>Verbis</strong></span> <span class='ocrx_word' id='word_1_106' title='bbox 2464 1570 2589 1641; x_wconf 77' lang='grc' dir='ltr'><strong><em>οὐκ</em></strong></span> <span class='ocrx_word' id='word_1_107' title='bbox 2617 1577 2907 1640; x_wconf 80' lang='grc' dir='ltr'><strong><em>ἔλαττον</em></strong></span> 
     </span>
     <span class='ocr_line' id='line_1_13' title="bbox 594 1678 2907 1772; baseline -0.001 -24"><span class='ocrx_word' id='word_1_108' title='bbox 594 1681 826 1768; x_wconf 75' lang='grc' dir='ltr'><strong><em>ἐτέρου</em></strong></span> <span class='ocrx_word' id='word_1_109' title='bbox 869 1681 945 1750; x_wconf 80' lang='grc' dir='ltr'><em>κὲ</em></span> <span class='ocrx_word' id='word_1_110' title='bbox 987 1684 1153 1749; x_wconf 87' lang='lat' dir='ltr'><strong>nihil</strong></span> <span class='ocrx_word' id='word_1_111' title='bbox 1199 1686 1380 1750; x_wconf 88' lang='lat' dir='ltr'><strong>aliud</strong></span> <span class='ocrx_word' id='word_1_112' title='bbox 1427 1686 1836 1772; x_wconf 82' lang='lat' dir='ltr'><strong>significatur</strong></span> <span class='ocrx_word' id='word_1_113' title='bbox 1880 1705 2074 1769; x_wconf 85' lang='lat' dir='ltr'><strong>quam</strong></span> <span class='ocrx_word' id='word_1_114' title='bbox 2118 1683 2272 1749; x_wconf 86' lang='lat' dir='ltr'><strong>hoe:</strong></span> <span class='ocrx_word' id='word_1_115' title='bbox 2326 1678 2401 1748; x_wconf 88' lang='grc' dir='ltr'><strong><em>τὸ</em></strong></span> <span class='ocrx_word' id='word_1_116' title='bbox 2450 1678 2527 1748; x_wconf 78' lang='grc' dir='ltr'><strong><em>δὲ</em></strong></span> <span class='ocrx_word' id='word_1_117' title='bbox 2571 1682 2907 1766; x_wconf 83' lang='grc' dir='ltr'><strong><em>λοιδορεῖ-</em></strong></span> 
     </span>
     <span class='ocr_line' id='line_1_14' title="bbox 591 1785 2900 1874; baseline -0 -20"><span class='ocrx_word' id='word_1_118' title='bbox 591 1797 754 1856; x_wconf 79' lang='grc' dir='ltr'><strong><em>σθαι</em></strong></span> <span class='ocrx_word' id='word_1_119' title='bbox 799 1789 911 1855; x_wconf 81' lang='grc' dir='ltr'><strong><em>καὶ</em></strong></span> <span class='ocrx_word' id='word_1_120' title='bbox 955 1793 1172 1868; x_wconf 76' lang='grc' dir='ltr'><strong><em>κακῶς</em></strong></span> <span class='ocrx_word' id='word_1_121' title='bbox 1208 1786 1483 1858; x_wconf 79' lang='grc' dir='ltr'><strong><em>ἀκούειν</em></strong></span> <span class='ocrx_word' id='word_1_122' title='bbox 1521 1789 1704 1857; x_wconf 84' lang='grc' dir='ltr'><strong><em>ἐστὶν</em></strong></span> <span class='ocrx_word' id='word_1_123' title='bbox 1741 1785 1883 1856; x_wconf 83' lang='grc' dir='ltr'><strong><em>οὐκ</em></strong></span> <span class='ocrx_word' id='word_1_124' title='bbox 1928 1792 2255 1856; x_wconf 83' lang='grc' dir='ltr'><strong><em>ἔλαττον</em></strong></span> <span class='ocrx_word' id='word_1_125' title='bbox 2300 1785 2577 1874; x_wconf 76' lang='grc' dir='ltr'><strong><em>ἑτέρου</em></strong></span> <span class='ocrx_word' id='word_1_126' title='bbox 2622 1785 2900 1874; x_wconf 82' lang='grc' dir='ltr'><strong><em>χρήσι-</em></strong></span> 
     </span>
     <span class='ocr_line' id='line_1_15' title="bbox 590 1893 2901 1984; baseline -0.001 -22"><span class='ocrx_word' id='word_1_127' title='bbox 590 1920 773 1982; x_wconf 86' lang='grc' dir='ltr'><strong><em>μον,</em></strong></span> <span class='ocrx_word' id='word_1_128' title='bbox 837 1897 878 1962; x_wconf 89' lang='lat' dir='ltr'><strong><em>i.</em></strong></span> <span class='ocrx_word' id='word_1_129' title='bbox 935 1919 987 1963; x_wconf 93' lang='lat' dir='ltr'><strong>e.</strong></span> <span class='ocrx_word' id='word_1_130' title='bbox 1045 1903 1226 1984; x_wconf 81' lang='grc' dir='ltr'><strong><em>εἴπερ</em></strong></span> <span class='ocrx_word' id='word_1_131' title='bbox 1280 1921 1346 1964; x_wconf 88' lang='grc' dir='ltr'><strong><em>τι</em></strong></span> <span class='ocrx_word' id='word_1_132' title='bbox 1398 1896 1511 1964; x_wconf 86' lang='grc' dir='ltr'><strong><em>καὶ</em></strong></span> <span class='ocrx_word' id='word_1_133' title='bbox 1567 1893 1731 1963; x_wconf 72' lang='grc' dir='ltr'><strong><em>ἄλλο</em></strong></span> <span class='ocrx_word' id='word_1_134' title='bbox 1785 1893 2132 1983; x_wconf 81' lang='grc' dir='ltr'><strong><em>χρήσιμον.</em></strong></span> <span class='ocrx_word' id='word_1_135' title='bbox 2223 1894 2455 1961; x_wconf 82' lang='lat' dir='ltr'><strong>Totius</strong></span> <span class='ocrx_word' id='word_1_136' title='bbox 2511 1895 2712 1982; x_wconf 86' lang='lat' dir='ltr'><strong>igitur</strong></span> <span class='ocrx_word' id='word_1_137' title='bbox 2762 1895 2901 1961; x_wconf 82' lang='lat' dir='ltr'><strong>loci</strong></span> 
     </span>
     <span class='ocr_line' id='line_1_16' title="bbox 591 1996 2902 2092; baseline -0.001 -23"><span class='ocrx_word' id='word_1_138' title='bbox 591 2025 818 2070; x_wconf 83' lang='lat' dir='ltr'><strong>sensus</strong></span> <span class='ocrx_word' id='word_1_139' title='bbox 879 2007 1006 2069; x_wconf 81' lang='lat' dir='ltr'><strong>est:</strong></span> <span class='ocrx_word' id='word_1_140' title='bbox 1070 2001 1145 2071; x_wconf 87' lang='grc' dir='ltr'><strong><em>τὸ</em></strong></span> <span class='ocrx_word' id='word_1_141' title='bbox 1213 2002 1337 2090; x_wconf 77' lang='grc' dir='ltr'><strong><em>μὲν</em></strong></span> <span class='ocrx_word' id='word_1_142' title='bbox 1396 2006 1741 2092; x_wconf 78' lang='grc' dir='ltr'><strong><em>λοιδορεῖν</em></strong></span> <span class='ocrx_word' id='word_1_143' title='bbox 1796 2000 2048 2088; x_wconf 85' lang='grc' dir='ltr'><strong><em>ταύτην</em></strong></span> <span class='ocrx_word' id='word_1_144' title='bbox 2103 1999 2320 2087; x_wconf 91' lang='grc' dir='ltr'><strong><em>μόνον</em></strong></span> <span class='ocrx_word' id='word_1_145' title='bbox 2378 1998 2504 2087; x_wconf 83' lang='grc' dir='ltr'><strong><em>τὴν</em></strong></span> <span class='ocrx_word' id='word_1_146' title='bbox 2558 1996 2902 2086; x_wconf 74' lang='grc' dir='ltr'><strong><em>ὠφέλειαν</em></strong></span> 
     </span>
     <span class='ocr_line' id='line_1_17' title="bbox 592 2104 2899 2196; baseline -0.001 -20"><span class='ocrx_word' id='word_1_147' title='bbox 592 2112 746 2195; x_wconf 85' lang='grc' dir='ltr'><strong><em>ἔχει,</em></strong></span> <span class='ocrx_word' id='word_1_148' title='bbox 792 2104 880 2195; x_wconf 77' lang='grc' dir='ltr'><strong><em>ἣν</em></strong></span> <span class='ocrx_word' id='word_1_149' title='bbox 926 2116 1223 2195; x_wconf 78' lang='grc' dir='ltr'><strong><em>εἴπομεν·</em></strong></span> <span class='ocrx_word' id='word_1_150' title='bbox 1278 2107 1353 2177; x_wconf 90' lang='grc' dir='ltr'><strong><em>τὸ</em></strong></span> <span class='ocrx_word' id='word_1_151' title='bbox 1404 2108 1479 2177; x_wconf 73' lang='grc' dir='ltr'><strong><em>δὲ</em></strong></span> <span class='ocrx_word' id='word_1_152' title='bbox 1523 2111 1987 2196; x_wconf 76' lang='grc' dir='ltr'><strong><em>λοιδορεῖσθαι</em></strong></span> <span class='ocrx_word' id='word_1_153' title='bbox 2034 2115 2217 2196; x_wconf 76' lang='grc' dir='ltr'><strong><em>εἴπερ</em></strong></span> <span class='ocrx_word' id='word_1_154' title='bbox 2261 2134 2324 2175; x_wconf 87' lang='grc' dir='ltr'><strong><em>τι</em></strong></span> <span class='ocrx_word' id='word_1_155' title='bbox 2371 2107 2484 2174; x_wconf 82' lang='grc' dir='ltr'><strong><em>καὶ</em></strong></span> <span class='ocrx_word' id='word_1_156' title='bbox 2528 2104 2693 2175; x_wconf 74' lang='grc' dir='ltr'><strong><em>ἄλλο</em></strong></span> <span class='ocrx_word' id='word_1_157' title='bbox 2738 2104 2899 2194; x_wconf 79' lang='grc' dir='ltr'><strong><em>χρή-</em></strong></span> 
     </span>
     <span class='ocr_line' id='line_1_18' title="bbox 591 2210 2899 2304; baseline -0.001 -22"><span class='ocrx_word' id='word_1_158' title='bbox 591 2213 796 2302; x_wconf 89' lang='grc' dir='ltr'><strong><em>σιμόν</em></strong></span> <span class='ocrx_word' id='word_1_159' title='bbox 844 2215 998 2283; x_wconf 82' lang='grc' dir='ltr'><strong><em>ἐστι.</em></strong></span> <span class='ocrx_word' id='word_1_160' title='bbox 1091 2216 1404 2284; x_wconf 86' lang='lat' dir='ltr'><strong>Similiter</strong></span> <span class='ocrx_word' id='word_1_161' title='bbox 1448 2218 1609 2283; x_wconf 85' lang='lat' dir='ltr'><strong>dixit</strong></span> <span class='ocrx_word' id='word_1_162' title='bbox 1652 2241 1715 2304; x_wconf 87' lang='lat' dir='ltr'><strong><em>p.</em></strong></span> <span class='ocrx_word' id='word_1_163' title='bbox 1760 2219 1891 2285; x_wconf 88' lang='grc'><strong><em>686</em></strong></span> <span class='ocrx_word' id='word_1_164' title='bbox 1919 2218 1992 2282; x_wconf 86' lang='lat' dir='ltr'><strong><em>b:</em></strong></span> <span class='ocrx_word' id='word_1_165' title='bbox 2038 2216 2205 2302; x_wconf 80' lang='grc' dir='ltr'><strong><em>μέγα</em></strong></span> <span class='ocrx_word' id='word_1_166' title='bbox 2248 2212 2377 2304; x_wconf 80' lang='grc' dir='ltr'><strong><em>γὰρ</em></strong></span> <span class='ocrx_word' id='word_1_167' title='bbox 2420 2255 2496 2266; x_wconf 94' lang='grc'>-</span> <span class='ocrx_word' id='word_1_168' title='bbox 2540 2210 2899 2302; x_wconf 82' lang='grc' dir='ltr'><strong><em>εὐημερίας</em></strong></span> 
     </span>
     <span class='ocr_line' id='line_1_19' title="bbox 593 2318 2887 2411; baseline -0.001 -21"><span class='ocrx_word' id='word_1_169' title='bbox 593 2320 877 2407; x_wconf 78' lang='grc' dir='ltr'><strong><em>ἐφόδιον</em></strong></span> <span class='ocrx_word' id='word_1_170' title='bbox 921 2318 1242 2411; x_wconf 83' lang='grc' dir='ltr'><strong><em>εὐκρασία</em></strong></span> <span class='ocrx_word' id='word_1_171' title='bbox 1287 2363 1372 2372; x_wconf 90' lang='grc'><strong>-</strong></span> <span class='ocrx_word' id='word_1_172' title='bbox 1419 2363 1505 2373; x_wconf 96' lang='grc'><strong>-</strong></span> <span class='ocrx_word' id='word_1_173' title='bbox 1554 2318 1702 2391; x_wconf 82' lang='grc' dir='ltr'><strong><em>ἀλλ’</em></strong></span> <span class='ocrx_word' id='word_1_174' title='bbox 1755 2323 1985 2410; x_wconf 78' lang='grc' dir='ltr'><strong><em>ἕτερον</em></strong></span> <span class='ocrx_word' id='word_1_175' title='bbox 2032 2320 2155 2390; x_wconf 81' lang='grc' dir='ltr'><strong><em>οὐκ</em></strong></span> <span class='ocrx_word' id='word_1_176' title='bbox 2202 2327 2476 2391; x_wconf 82' lang='grc' dir='ltr'><strong><em>ἔλαττον</em></strong></span> <span class='ocrx_word' id='word_1_177' title='bbox 2520 2318 2774 2408; x_wconf 82' lang='grc' dir='ltr'><strong><em>ὑπῆρχε</em></strong></span> <span class='ocrx_word' id='word_1_178' title='bbox 2808 2359 2887 2368; x_wconf 91' lang='grc'><strong><em>--</em></strong></span> 
     </span>
     <span class='ocr_line' id='line_1_20' title="bbox 588 2425 1826 2517; baseline 0.001 -21"><span class='ocrx_word' id='word_1_179' title='bbox 588 2426 632 2516; x_wconf 83' lang='grc' dir='ltr'><em>ἡ</em></span> <span class='ocrx_word' id='word_1_180' title='bbox 677 2431 814 2498; x_wconf 72' lang='grc' dir='ltr'><strong><em>τῶν</em></strong></span> <span class='ocrx_word' id='word_1_181' title='bbox 859 2427 1296 2515; x_wconf 79' lang='grc' dir='ltr'><strong><em>λαληθέντων</em></strong></span> <span class='ocrx_word' id='word_1_182' title='bbox 1338 2425 1826 2517; x_wconf 70' lang='grc' dir='ltr'><strong><em>ἀναθεώρησις.</em></strong></span> 
     </span>
    </p>

    <p class='ocr_par' dir='ltr' id='par_1_3' title="bbox 585 2534 2893 4556">
     <span class='ocr_line' id='line_1_21' title="bbox 765 2534 2893 2625; baseline -0.001 -21"><span class='ocrx_word' id='word_1_183' title='bbox 765 2535 874 2605; x_wconf 82' lang='lat' dir='ltr'><strong>De</strong></span> <span class='ocrx_word' id='word_1_184' title='bbox 935 2537 1333 2605; x_wconf 76' lang='lat' dir='ltr'><strong>amicorum</strong></span> <span class='ocrx_word' id='word_1_185' title='bbox 1404 2534 1882 2604; x_wconf 83' lang='lat' dir='ltr'><strong>multitudine</strong></span> <span class='ocrx_word' id='word_1_186' title='bbox 1946 2560 1998 2604; x_wconf 81' lang='lat' dir='ltr'><strong><em>c.</em></strong></span> <span class='ocrx_word' id='word_1_187' title='bbox 2045 2539 2086 2604; x_wconf 84' lang='lat'>2</span> <span class='ocrx_word' id='word_1_188' title='bbox 2152 2537 2242 2625; x_wconf 88' lang='lat' dir='ltr'><strong>(p.</strong></span> <span class='ocrx_word' id='word_1_189' title='bbox 2306 2537 2393 2604; x_wconf 84' lang='lat'><strong><em>93</em></strong></span> <span class='ocrx_word' id='word_1_190' title='bbox 2424 2535 2513 2625; x_wconf 85' lang='lat' dir='ltr'><strong><em>c):</em></strong></span> <span class='ocrx_word' id='word_1_191' title='bbox 2580 2534 2893 2603; x_wconf 77' lang='grc' dir='ltr'><strong><em>ἐναντίον</em></strong></span> 
     </span>
     <span class='ocr_line' id='line_1_22' title="bbox 594 2639 2891 2732; baseline -0.002 -20"><span class='ocrx_word' id='word_1_192' title='bbox 594 2644 784 2731; x_wconf 83' lang='lat' dir='ltr'><strong>(corr.</strong></span> <span class='ocrx_word' id='word_1_193' title='bbox 829 2645 1044 2730; x_wconf 85' lang='lat' dir='ltr'><strong>Wytt.</strong></span> <span class='ocrx_word' id='word_1_194' title='bbox 1089 2667 1208 2731; x_wconf 88' lang='lat' dir='ltr'><strong>pro</strong></span> <span class='ocrx_word' id='word_1_195' title='bbox 1256 2643 1503 2732; x_wconf 73' lang='grc' dir='ltr'><strong><em>αἴτιον)</em></strong></span> <span class='ocrx_word' id='word_1_196' title='bbox 1565 2642 1641 2711; x_wconf 75' lang='grc' dir='ltr'><strong><em>δὲ</em></strong></span> <span class='ocrx_word' id='word_1_197' title='bbox 1695 2640 1857 2730; x_wconf 77' lang='grc' dir='ltr'><strong><em>μετὰ</em></strong></span> <span class='ocrx_word' id='word_1_198' title='bbox 1902 2647 2171 2713; x_wconf 72' lang='grc' dir='ltr'><strong><em>πολλῶν</em></strong></span> <span class='ocrx_word' id='word_1_199' title='bbox 2216 2642 2441 2712; x_wconf 80' lang='grc' dir='ltr'><strong><em>ἄλλων</em></strong></span> <span class='ocrx_word' id='word_1_200' title='bbox 2486 2640 2610 2731; x_wconf 81' lang='grc' dir='ltr'><strong><em>οὐχ</em></strong></span> <span class='ocrx_word' id='word_1_201' title='bbox 2654 2639 2891 2728; x_wconf 79' lang='grc' dir='ltr'><strong><em>ἥκιστα</em></strong></span> 
     </span>
     <span class='ocr_line' id='line_1_23' title="bbox 594 2746 2891 2838; baseline -0.002 -19"><span class='ocrx_word' id='word_1_202' title='bbox 594 2754 689 2830; x_wconf 84' lang='grc' dir='ltr'><strong><em>εἰς</em></strong></span> <span class='ocrx_word' id='word_1_203' title='bbox 734 2754 962 2837; x_wconf 83' lang='grc' dir='ltr'><strong><em>φιλίας</em></strong></span> <span class='ocrx_word' id='word_1_204' title='bbox 1005 2753 1240 2837; x_wconf 82' lang='grc' dir='ltr'><strong><em>κτῆσιν</em></strong></span> <span class='ocrx_word' id='word_1_205' title='bbox 1274 2747 1316 2838; x_wconf 81' lang='grc' dir='ltr'>ἡ</span> <span class='ocrx_word' id='word_1_206' title='bbox 1353 2752 1472 2838; x_wconf 80' lang='grc' dir='ltr'><strong><em>τῆς</em></strong></span> <span class='ocrx_word' id='word_1_207' title='bbox 1504 2755 1909 2837; x_wconf 81' lang='grc' dir='ltr'><strong><em>πολυφιλίας</em></strong></span> <span class='ocrx_word' id='word_1_208' title='bbox 1936 2747 2170 2837; x_wconf 77' lang='grc' dir='ltr'><strong><em>ὄρεξις,</em></strong></span> <span class='ocrx_word' id='word_1_209' title='bbox 2216 2747 2471 2837; x_wconf 75' lang='grc' dir='ltr'><strong><em>ὥσπερ</em></strong></span> <span class='ocrx_word' id='word_1_210' title='bbox 2502 2746 2891 2819; x_wconf 79' lang='grc' dir='ltr'><strong><em>ἀκολάστων</em></strong></span> 
     </span>
     <span class='ocr_line' id='line_1_24' title="bbox 588 2853 2888 2949; baseline -0 -24"><span class='ocrx_word' id='word_1_211' title='bbox 588 2859 930 2944; x_wconf 76' lang='grc' dir='ltr'><strong><em>γυναικῶν</em></strong></span> <span class='ocrx_word' id='word_1_212' title='bbox 983 2860 1074 2949; x_wconf 74' lang='grc' dir='ltr'><strong><em>τῷ</em></strong></span> <span class='ocrx_word' id='word_1_213' title='bbox 1129 2856 1448 2937; x_wconf 79' lang='grc' dir='ltr'><strong><em>πολλάκις</em></strong></span> <span class='ocrx_word' id='word_1_214' title='bbox 1499 2857 1612 2926; x_wconf 85' lang='grc' dir='ltr'><strong><em>καὶ</em></strong></span> <span class='ocrx_word' id='word_1_215' title='bbox 1665 2863 1936 2938; x_wconf 79' lang='grc' dir='ltr'><strong><em>πολλοῖς</em></strong></span> <span class='ocrx_word' id='word_1_216' title='bbox 1991 2857 2487 2945; x_wconf 76' lang='grc' dir='ltr'><strong><em>συμπλέκεσθαι</em></strong></span> <span class='ocrx_word' id='word_1_217' title='bbox 2531 2859 2670 2925; x_wconf 75' lang='grc' dir='ltr'><strong><em>τῶν</em></strong></span> <span class='ocrx_word' id='word_1_218' title='bbox 2712 2853 2888 2944; x_wconf 68' lang='grc' dir='ltr'><strong><em>προό-</em></strong></span> 
     </span>
     <span class='ocr_line' id='line_1_25' title="bbox 589 2961 2887 3053; baseline -0.001 -22"><span class='ocrx_word' id='word_1_219' title='bbox 589 2990 727 3033; x_wconf 88' lang='grc' dir='ltr'><strong><em>των</em></strong></span> <span class='ocrx_word' id='word_1_220' title='bbox 770 2974 1039 3052; x_wconf 73' lang='grc' dir='ltr'><strong><em>κρατεῖν</em></strong></span> <span class='ocrx_word' id='word_1_221' title='bbox 1085 2963 1175 3053; x_wconf 80' lang='grc' dir='ltr'><strong><em>μὴ</em></strong></span> <span class='ocrx_word' id='word_1_222' title='bbox 1218 2966 1701 3053; x_wconf 85' lang='grc' dir='ltr'><strong><em>δυναμένοις</em></strong></span> <span class='ocrx_word' id='word_1_223' title='bbox 1738 2961 2212 3053; x_wconf 79' lang='grc' dir='ltr'><strong><em>ἀμελουμένων</em></strong></span> <span class='ocrx_word' id='word_1_224' title='bbox 2247 2966 2360 3033; x_wconf 82' lang='grc' dir='ltr'><strong><em>καὶ</em></strong></span> <span class='ocrx_word' id='word_1_225' title='bbox 2397 2962 2887 3052; x_wconf 83' lang='grc' dir='ltr'><strong><em>ἀπορρεόντων.</em></strong></span> 
     </span>
     <span class='ocr_line' id='line_1_26' title="bbox 589 3072 2888 3159; baseline 0 -20"><span class='ocrx_word' id='word_1_226' title='bbox 589 3074 803 3140; x_wconf 83' lang='lat' dir='ltr'><strong>Locus</strong></span> <span class='ocrx_word' id='word_1_227' title='bbox 869 3074 1087 3139; x_wconf 81' lang='lat' dir='ltr'><strong>valde·</strong></span> <span class='ocrx_word' id='word_1_228' title='bbox 1125 3075 1426 3141; x_wconf 83' lang='lat' dir='ltr'><strong>turbatus</strong></span> <span class='ocrx_word' id='word_1_229' title='bbox 1489 3075 1675 3140; x_wconf 87' lang='lat' dir='ltr'><strong>nulla</strong></span> <span class='ocrx_word' id='word_1_230' title='bbox 1737 3074 1987 3140; x_wconf 88' lang='lat' dir='ltr'><strong>ratione</strong></span> <span class='ocrx_word' id='word_1_231' title='bbox 2044 3074 2299 3140; x_wconf 84' lang='lat' dir='ltr'><strong>defendi</strong></span> <span class='ocrx_word' id='word_1_232' title='bbox 2351 3077 2588 3159; x_wconf 84' lang='lat' dir='ltr'><strong>potest.</strong></span> <span class='ocrx_word' id='word_1_233' title='bbox 2679 3072 2888 3157; x_wconf 81' lang='lat' dir='ltr'><strong>Wytt.</strong></span> 
     </span>
     <span class='ocr_line' id='line_1_27' title="bbox 585 3171 2882 3268; baseline -0.002 -21"><span class='ocrx_word' id='word_1_234' title='bbox 585 3182 930 3266; x_wconf 81' lang='lat' dir='ltr'><strong>proposuit</strong></span> <span class='ocrx_word' id='word_1_235' title='bbox 984 3175 1204 3268; x_wconf 74' lang='grc' dir='ltr'><strong><em>ὥσπερ</em></strong></span> <span class='ocrx_word' id='word_1_236' title='bbox 1261 3175 1620 3249; x_wconf 86' lang='grc' dir='ltr'><strong><em>ἀκόλαστοι</em></strong></span> <span class='ocrx_word' id='word_1_237' title='bbox 1674 3191 1988 3266; x_wconf 76' lang='grc' dir='ltr'><strong><em>γυναῖκες</em></strong></span> <span class='ocrx_word' id='word_1_238' title='bbox 2042 3178 2415 3267; x_wconf 73' lang='grc' dir='ltr'><strong><em>δυναμένηε</em></strong></span> <span class='ocrx_word' id='word_1_239' title='bbox 2479 3181 2583 3247; x_wconf 79' lang='lat' dir='ltr'><strong>vel</strong></span> <span class='ocrx_word' id='word_1_240' title='bbox 2636 3173 2727 3255; x_wconf 77' lang='grc' dir='ltr'><strong><em>ὥς</em></strong></span> <span class='ocrx_word' id='word_1_241' title='bbox 2780 3171 2882 3243; x_wconf 75' lang='grc' dir='ltr'><strong><em>ἐπ’</em></strong></span> 
     </span>
     <span class='ocr_line' id='line_1_28' title="bbox 585 3283 2891 3375; baseline -0.003 -20"><span class='ocrx_word' id='word_1_242' title='bbox 585 3283 975 3355; x_wconf 77' lang='grc' dir='ltr'><strong><em>ἀκολάστων</em></strong></span> <span class='ocrx_word' id='word_1_243' title='bbox 1030 3290 1374 3373; x_wconf 75' lang='grc' dir='ltr'><strong><em>γυναικῶν</em></strong></span> <span class='ocrx_word' id='word_1_244' title='bbox 1425 3328 1502 3353; x_wconf 94' lang='grc'><strong><em>-.-</em></strong></span> <span class='ocrx_word' id='word_1_245' title='bbox 1553 3286 1950 3375; x_wconf 84' lang='grc' dir='ltr'><strong><em>δυναμένης.</em></strong></span> <span class='ocrx_word' id='word_1_246' title='bbox 2050 3288 2202 3354; x_wconf 88' lang='lat' dir='ltr'><strong>Alia</strong></span> <span class='ocrx_word' id='word_1_247' title='bbox 2245 3289 2522 3355; x_wconf 80' lang='lat' dir='ltr'><strong>tentavit</strong></span> <span class='ocrx_word' id='word_1_248' title='bbox 2566 3286 2891 3370; x_wconf 80' lang='lat' dir='ltr'><strong>Reiskius‚</strong></span> 
     </span>
     <span class='ocr_line' id='line_1_29' title="bbox 591 3392 2887 3483; baseline -0.003 -20"><span class='ocrx_word' id='word_1_249' title='bbox 591 3396 702 3463; x_wconf 81' lang='lat' dir='ltr'><strong>sed</strong></span> <span class='ocrx_word' id='word_1_250' title='bbox 747 3396 912 3463; x_wconf 90' lang='lat' dir='ltr'><strong>nihil</strong></span> <span class='ocrx_word' id='word_1_251' title='bbox 955 3418 1197 3462; x_wconf 82' lang='lat' dir='ltr'><strong>verum.</strong></span> <span class='ocrx_word' id='word_1_252' title='bbox 1288 3396 1548 3483; x_wconf 87' lang='lat' dir='ltr'><strong>Optime</strong></span> <span class='ocrx_word' id='word_1_253' title='bbox 1596 3397 1675 3463; x_wconf 90' lang='lat' dir='ltr'><strong>de</strong></span> <span class='ocrx_word' id='word_1_254' title='bbox 1721 3397 1865 3462; x_wconf 85' lang='lat' dir='ltr'><strong>loeo</strong></span> <span class='ocrx_word' id='word_1_255' title='bbox 1911 3396 2146 3461; x_wconf 88' lang='lat' dir='ltr'><strong>meruit</strong></span> <span class='ocrx_word' id='word_1_256' title='bbox 2190 3395 2587 3481; x_wconf 73' lang='lat' dir='ltr'><strong>Madvigiu8‚</strong></span> <span class='ocrx_word' id='word_1_257' title='bbox 2633 3394 2744 3478; x_wconf 92' lang='lat' dir='ltr'><strong>qui</strong></span> <span class='ocrx_word' id='word_1_258' title='bbox 2790 3392 2887 3457; x_wconf 85' lang='lat' dir='ltr'><strong><em>sie</em></strong></span> 
     </span>
     <span class='ocr_line' id='line_1_30' title="bbox 588 3498 2889 3591; baseline -0.003 -20"><span class='ocrx_word' id='word_1_259' title='bbox 588 3504 892 3571; x_wconf 83' lang='lat' dir='ltr'><strong>correxit:</strong></span> <span class='ocrx_word' id='word_1_260' title='bbox 953 3498 1192 3591; x_wconf 75' lang='grc' dir='ltr'><strong><em>ὥσπερ</em></strong></span> <span class='ocrx_word' id='word_1_261' title='bbox 1253 3508 1448 3591; x_wconf 79' lang='grc' dir='ltr'><strong><em>ἔρως</em></strong></span> <span class='ocrx_word' id='word_1_262' title='bbox 1502 3499 1891 3570; x_wconf 89' lang='grc' dir='ltr'><strong><em>ἀκολάστων</em></strong></span> <span class='ocrx_word' id='word_1_263' title='bbox 1944 3502 2286 3588; x_wconf 74' lang='grc' dir='ltr'><strong><em>γυναικῶν</em></strong></span> <span class='ocrx_word' id='word_1_264' title='bbox 2344 3538 2427 3549; x_wconf 93' lang='grc'>-</span> <span class='ocrx_word' id='word_1_265' title='bbox 2474 3538 2562 3548; x_wconf 89' lang='lat'><strong><em>-—-</em></strong></span> <span class='ocrx_word' id='word_1_266' title='bbox 2618 3506 2889 3585; x_wconf 79' lang='grc' dir='ltr'><strong><em>κρατεῖν</em></strong></span> 
     </span>
     <span class='ocr_line' id='line_1_31' title="bbox 590 3607 2889 3697; baseline -0.002 -20"><span class='ocrx_word' id='word_1_267' title='bbox 590 3608 680 3697; x_wconf 79' lang='grc' dir='ltr'><strong><em>μὴ</em></strong></span> <span class='ocrx_word' id='word_1_268' title='bbox 712 3607 1106 3696; x_wconf 86' lang='grc' dir='ltr'><strong><em>δυνάμενος.</em></strong></span> <span class='ocrx_word' id='word_1_269' title='bbox 1135 3648 1219 3659; x_wconf 90' lang='grc'>-</span> <span class='ocrx_word' id='word_1_270' title='bbox 1239 3610 1781 3678; x_wconf 83' lang='lat' dir='ltr'><strong>Emendationem</strong></span> <span class='ocrx_word' id='word_1_271' title='bbox 1820 3610 2248 3677; x_wconf 80' lang='lat' dir='ltr'><strong>certissimam</strong></span> <span class='ocrx_word' id='word_1_272' title='bbox 2284 3610 2489 3675; x_wconf 88' lang='lat' dir='ltr'><strong>altero</strong></span> <span class='ocrx_word' id='word_1_273' title='bbox 2526 3608 2669 3673; x_wconf 82' lang='lat' dir='ltr'><strong>loeo</strong></span> <span class='ocrx_word' id='word_1_274' title='bbox 2706 3627 2889 3690; x_wconf 88' lang='lat' dir='ltr'><strong>pror-</strong></span> 
     </span>
     <span class='ocr_line' id='line_1_32' title="bbox 591 3715 2889 3803; baseline -0.001 -20"><span class='ocrx_word' id='word_1_275' title='bbox 591 3740 700 3783; x_wconf 80' lang='lat' dir='ltr'><strong><em>sus</em></strong></span> <span class='ocrx_word' id='word_1_276' title='bbox 745 3718 1062 3802; x_wconf 83' lang='lat' dir='ltr'><strong>parallelo</strong></span> <span class='ocrx_word' id='word_1_277' title='bbox 1119 3719 1468 3803; x_wconf 88' lang='lat' dir='ltr'><strong>eademque</strong></span> <span class='ocrx_word' id='word_1_278' title='bbox 1512 3718 1649 3783; x_wconf 87' lang='lat' dir='ltr'><strong>fere</strong></span> <span class='ocrx_word' id='word_1_279' title='bbox 1696 3717 2143 3784; x_wconf 86' lang='lat' dir='ltr'><strong>emendatione</strong></span> <span class='ocrx_word' id='word_1_280' title='bbox 2193 3719 2423 3802; x_wconf 80' lang='lat' dir='ltr'><strong>egente</strong></span> <span class='ocrx_word' id='word_1_281' title='bbox 2469 3715 2889 3781; x_wconf 75' lang='lat' dir='ltr'><strong>confirmabo,</strong></span> 
     </span>
     <span class='ocr_line' id='line_1_33' title="bbox 587 3814 2891 3911; baseline -0.002 -20"><span class='ocrx_word' id='word_1_282' title='bbox 587 3848 649 3910; x_wconf 89' lang='lat' dir='ltr'><strong><em>p.</em></strong></span> <span class='ocrx_word' id='word_1_283' title='bbox 696 3825 824 3890; x_wconf 82' lang='lat'><strong><em>997</em></strong></span> <span class='ocrx_word' id='word_1_284' title='bbox 856 3825 929 3889; x_wconf 86' lang='lat' dir='ltr'><strong><em>b:</em></strong></span> <span class='ocrx_word' id='word_1_285' title='bbox 989 3825 1295 3911; x_wconf 85' lang='lat' dir='ltr'><strong>leguntur</strong></span> <span class='ocrx_word' id='word_1_286' title='bbox 1348 3825 1534 3891; x_wconf 86' lang='lat' dir='ltr'><strong>haec:</strong></span> <span class='ocrx_word' id='word_1_287' title='bbox 1584 3864 1662 3874; x_wconf 91' lang='lat'><strong>—</strong></span> <span class='ocrx_word' id='word_1_288' title='bbox 1716 3820 1855 3891; x_wconf 84' lang='grc' dir='ltr'><strong><em>εἶτα</em></strong></span> <span class='ocrx_word' id='word_1_289' title='bbox 1902 3820 2121 3910; x_wconf 77' lang='grc' dir='ltr'><strong><em>ὥσπερ</em></strong></span> <span class='ocrx_word' id='word_1_290' title='bbox 2168 3823 2245 3889; x_wconf 80' lang='grc' dir='ltr'><strong><em>ἐν</em></strong></span> <span class='ocrx_word' id='word_1_291' title='bbox 2280 3820 2590 3907; x_wconf 74' lang='grc' dir='ltr'><strong><em>γυναιξὶν</em></strong></span> <span class='ocrx_word' id='word_1_292' title='bbox 2636 3814 2891 3906; x_wconf 80' lang='grc' dir='ltr'><strong><em>ἡδονῆς</em></strong></span> 
     </span>
     <span class='ocr_line' id='line_1_34' title="bbox 589 3924 2887 4019; baseline -0.002 -22"><span class='ocrx_word' id='word_1_293' title='bbox 589 3928 800 4018; x_wconf 82' lang='grc' dir='ltr'><strong><em>κόρον</em></strong></span> <span class='ocrx_word' id='word_1_294' title='bbox 865 3925 990 3996; x_wconf 81' lang='grc' dir='ltr'><strong><em>οὐκ</em></strong></span> <span class='ocrx_word' id='word_1_295' title='bbox 1055 3928 1336 4018; x_wconf 80' lang='grc' dir='ltr'><strong><em>ἐχούσης</em></strong></span> <span class='ocrx_word' id='word_1_296' title='bbox 1398 3927 1943 4019; x_wconf 76' lang='grc' dir='ltr'><strong><em>ἀποπειρώμενος</em></strong></span> <span class='ocrx_word' id='word_1_297' title='bbox 2005 3928 2223 3997; x_wconf 91' lang='grc' dir='ltr'><strong><em>πάντα</em></strong></span> <span class='ocrx_word' id='word_1_298' title='bbox 2286 3928 2397 3995; x_wconf 79' lang='grc' dir='ltr'><strong><em>καὶ</em></strong></span> <span class='ocrx_word' id='word_1_299' title='bbox 2456 3924 2887 4013; x_wconf 73' lang='grc' dir='ltr'><strong><em>πλανώμενος</em></strong></span> 
     </span>
     <span class='ocr_line' id='line_1_35' title="bbox 587 4032 2887 4125; baseline -0.002 -21"><span class='ocrx_word' id='word_1_300' title='bbox 587 4033 1092 4105; x_wconf 87' lang='grc' dir='ltr'><strong><em>ἀκολασταίνων</em></strong></span> <span class='ocrx_word' id='word_1_301' title='bbox 1158 4037 1458 4119; x_wconf 78' lang='grc' dir='ltr'><strong><em>ἐξέπεσεν</em></strong></span> <span class='ocrx_word' id='word_1_302' title='bbox 1516 4041 1612 4117; x_wconf 84' lang='grc' dir='ltr'><strong><em>εἰς</em></strong></span> <span class='ocrx_word' id='word_1_303' title='bbox 1669 4034 1750 4106; x_wconf 80' lang='grc' dir='ltr'><strong><em>τὰ</em></strong></span> <span class='ocrx_word' id='word_1_304' title='bbox 1811 4034 2090 4125; x_wconf 74' lang='grc' dir='ltr'><strong><em>ἄρρητα·</em></strong></span> <span class='ocrx_word' id='word_1_305' title='bbox 2158 4032 2371 4115; x_wconf 73' lang='grc' dir='ltr'><strong><em>οὕτως</em></strong></span> <span class='ocrx_word' id='word_1_306' title='bbox 2429 4037 2507 4102; x_wconf 78' lang='grc' dir='ltr'><strong><em>αἰ</em></strong></span> <span class='ocrx_word' id='word_1_307' title='bbox 2558 4033 2708 4121; x_wconf 79' lang='grc' dir='ltr'><strong><em>περὶ</em></strong></span> <span class='ocrx_word' id='word_1_308' title='bbox 2761 4032 2887 4121; x_wconf 79' lang='grc' dir='ltr'><strong><em>τὴν</em></strong></span> 
     </span>
     <span class='ocr_line' id='line_1_36' title="bbox 589 4139 2883 4234; baseline -0.001 -22"><span class='ocrx_word' id='word_1_309' title='bbox 589 4143 854 4233; x_wconf 80' lang='grc' dir='ltr'><strong><em>ἐδωδὴν</em></strong></span> <span class='ocrx_word' id='word_1_310' title='bbox 908 4140 1222 4234; x_wconf 85' lang='grc' dir='ltr'><strong><em>ἀκρασίαι</em></strong></span> <span class='ocrx_word' id='word_1_311' title='bbox 1265 4144 1355 4214; x_wconf 81' lang='grc' dir='ltr'><strong><em>κὲ.</em></strong></span> <span class='ocrx_word' id='word_1_312' title='bbox 1447 4145 1658 4231; x_wconf 79' lang='lat' dir='ltr'><strong>Wytt.</strong></span> <span class='ocrx_word' id='word_1_313' title='bbox 1706 4146 2073 4213; x_wconf 83' lang='lat' dir='ltr'><strong>annotavit:</strong></span> <span class='ocrx_word' id='word_1_314' title='bbox 2130 4139 2685 4227; x_wconf 61' lang='grc' dir='ltr'><strong><em>εἀκολασταίνων]</em></strong></span> <span class='ocrx_word' id='word_1_315' title='bbox 2735 4166 2883 4229; x_wconf 80' lang='lat' dir='ltr'><strong>sup-</strong></span> 
     </span>
     <span class='ocr_line' id='line_1_37' title="bbox 587 4247 2885 4341; baseline -0.002 -22"><span class='ocrx_word' id='word_1_316' title='bbox 587 4254 894 4339; x_wconf 88' lang='lat' dir='ltr'><strong>plendum</strong></span> <span class='ocrx_word' id='word_1_317' title='bbox 950 4248 986 4319; x_wconf 86' lang='grc' dir='ltr'>ὁ</span> <span class='ocrx_word' id='word_1_318' title='bbox 1043 4256 1210 4341; x_wconf 83' lang='grc' dir='ltr'><strong><em>ἔρως</em></strong></span> <span class='ocrx_word' id='word_1_319' title='bbox 1263 4255 1364 4321; x_wconf 79' lang='lat' dir='ltr'><strong>vel</strong></span> <span class='ocrx_word' id='word_1_320' title='bbox 1413 4252 1665 4319; x_wconf 69' lang='lat' dir='ltr'><strong>simile?</strong></span> <span class='ocrx_word' id='word_1_321' title='bbox 1759 4252 1944 4329; x_wconf 84' lang='lat' dir='ltr'><strong><em>Quod</em></strong></span> <span class='ocrx_word' id='word_1_322' title='bbox 1993 4247 2027 4317; x_wconf 84' lang='grc' dir='ltr'>ὁ</span> <span class='ocrx_word' id='word_1_323' title='bbox 2078 4254 2244 4339; x_wconf 82' lang='grc' dir='ltr'><strong><em>ἔρως</em></strong></span> <span class='ocrx_word' id='word_1_324' title='bbox 2290 4250 2723 4336; x_wconf 85' lang='lat' dir='ltr'><strong>supplendum</strong></span> <span class='ocrx_word' id='word_1_325' title='bbox 2769 4254 2885 4334; x_wconf 86' lang='lat' dir='ltr'><strong>est,</strong></span> 
     </span>
     <span class='ocr_line' id='line_1_38' title="bbox 587 4352 2881 4448; baseline -0.001 -21"><span class='ocrx_word' id='word_1_326' title='bbox 587 4366 760 4429; x_wconf 84' lang='lat' dir='ltr'><strong>reete</strong></span> <span class='ocrx_word' id='word_1_327' title='bbox 825 4362 1109 4448; x_wconf 81' lang='lat' dir='ltr'><strong>quidem3</strong></span> <span class='ocrx_word' id='word_1_328' title='bbox 1173 4384 1307 4428; x_wconf 90' lang='lat' dir='ltr'><strong><em>non</em></strong></span> <span class='ocrx_word' id='word_1_329' title='bbox 1370 4365 1589 4427; x_wconf 87' lang='lat' dir='ltr'><strong>tamen</strong></span> <span class='ocrx_word' id='word_1_330' title='bbox 1650 4363 1803 4445; x_wconf 82' lang='lat' dir='ltr'><strong>post</strong></span> <span class='ocrx_word' id='word_1_331' title='bbox 1857 4353 2189 4445; x_wconf 83' lang='grc' dir='ltr'><strong><em>ἀκολαστ.,</em></strong></span> <span class='ocrx_word' id='word_1_332' title='bbox 2248 4358 2361 4424; x_wconf 82' lang='lat' dir='ltr'><strong>sed</strong></span> <span class='ocrx_word' id='word_1_333' title='bbox 2413 4361 2565 4443; x_wconf 82' lang='lat' dir='ltr'><strong>post</strong></span> <span class='ocrx_word' id='word_1_334' title='bbox 2610 4352 2881 4444; x_wconf 72' lang='grc' dir='ltr'><strong><em>ὥσπερ.</em></strong></span> 
     </span>
     <span class='ocr_line' id='line_1_39' title="bbox 589 4458 2883 4556; baseline -0.002 -21"><span class='ocrx_word' id='word_1_335' title='bbox 589 4468 792 4537; x_wconf 85' lang='lat' dir='ltr'><strong>Serib.</strong></span> <span class='ocrx_word' id='word_1_336' title='bbox 829 4470 1056 4556; x_wconf 87' lang='lat' dir='ltr'><strong>igitur:</strong></span> <span class='ocrx_word' id='word_1_337' title='bbox 1105 4464 1245 4534; x_wconf 82' lang='grc' dir='ltr'><strong><em>εἶτα</em></strong></span> <span class='ocrx_word' id='word_1_338' title='bbox 1301 4463 1537 4534; x_wconf 79' lang='grc' dir='ltr'><strong><em>ὥσπΕΡ</em></strong></span> <span class='ocrx_word' id='word_1_339' title='bbox 1595 4465 1861 4548; x_wconf 84' lang='grc' dir='ltr'><strong><em>[ἜΡως]</em></strong></span> <span class='ocrx_word' id='word_1_340' title='bbox 1912 4464 1985 4532; x_wconf 84' lang='grc' dir='ltr'><strong><em>ἐν</em></strong></span> <span class='ocrx_word' id='word_1_341' title='bbox 2031 4463 2341 4552; x_wconf 78' lang='grc' dir='ltr'><strong><em>γυναιξίν</em></strong></span> <span class='ocrx_word' id='word_1_342' title='bbox 2385 4458 2635 4552; x_wconf 79' lang='grc' dir='ltr'><strong><em>ἡδονῆς</em></strong></span> <span class='ocrx_word' id='word_1_343' title='bbox 2677 4464 2883 4555; x_wconf 90' lang='grc' dir='ltr'><strong><em>κόρον</em></strong></span> 
     </span>
    </p>
   </div>
   <div class='ocr_carea' id='block_1_3' title="bbox 3174 3248 3177 5150">
    <p class='ocr_par' dir='ltr' id='par_1_4' title="bbox 3174 3248 3177 5150">
     <span class='ocr_line' id='line_1_40' title="bbox 3174 3248 3177 5150; baseline 0 0"><span class='ocrx_word' id='word_1_344' title='bbox 3174 3248 3177 5150; x_wconf 95' lang='lat' dir='ltr'><strong><em> </em></strong></span> 
     </span>
    </p>
   </div>
  </div>
 </body>
</html>
