3200 5175
1503 291 1981 359 -128—

589 468 709 551 τὰς
755 473 848 551 εἰς
891 468 1013 539 τὸν
1058 468 1322 539 κοινὸν·
1337 474 1491 556 βίον
1551 466 1929 559 εὐεργεσίας
1975 470 2508 558 ἐκτετιμημένον·
2557 465 2904 557 ἀνθρωπί-

593 606 726 658 νως
773 578 846 647 δὲ
884 560 1495 665 γεννηθέντας,“ὥς
1535 572 1861 664 Ἡρακλέα
1909 617 2025 661 -,
2072 573 2162 656 ὥς
2208 576 2585 663 Διόνυσον,
2630 576 2904 665 ἀνθρω-

593 690 881 765 ποειδεῖς
953 681 1198 763 αὐτοὺς
1273 688 1533 777 ἔφασαν
1590 680 1763 751 εἶναι
1829 690 1963 751 κτλ.
2060 685 2303 771 Vulgo:
2372 684 2905 773 ἐκτετιμημένον,

596 792 1046 881 ἀνθρωπίνως
1091 832 1178 841 -——
1229 830 1304 840 —-
1360 788 1728 872 Διόνυσον.
1806 787 2361 878 Ἀνθρωποειδεῖς
2410 788 2472 857 δ’
2524 789 2767 872 αὐτοὺς
2811 794 2904 859 κε’.

776 942 860 951 -—
909 898 1044 987 15¹,
1113 905 1154 983 ἓ
1209 902 1252 965 3
1310 898 1399 987 (p.
1451 901 1577 966 897
1612 898 1677 986 a)
1745 901 2195 985 corrigendum
2251 902 2532 966 videtur:
2600 898 2713 966 διὰ
2776 898 2906 987 τὴν

599 1006 990 1076 ἐπιπόλαιον
1050 1008 1376 1093 πρῆσιν,
1443 1009 1482 1072 i.
1531 1031 1584 1072 e.
1638 1012 2069 1092 περίκαυσιν,
2134 1008 2304 1094 quod
2358 1008 2679 1074 Platonici
2734 1009 2905 1073 dioe-

594 1119 756 1183 banss
795 1114 958 1203 (Ἓξ
1005 1114 1096 1201 6),
1141 1137 1258 1241 pro
1309 1115 1600 1199 νυῙςαήοε
1649 1111 1763 1179 διὰ
1807 1139 1934 1200 την
1980 1114 2149 1180 ἐπιπ.
2184 1111 2449 1181 πλύσιν.
2515 1114 2903 1180 Duebnerus

605 1224 890 1308 scripsit:
941 1217 1053 1286 δια
1097 1218 1223 1305 τὴν
1269 1219 1372 1286 ἐπὶ
1418 1218 1492 1286 τὸ
1541 1226 1774 1287 πλεῖον
1818 1225 2107 1306 πίλησιν.

790 1366 873 1377 --
922 1328 1068 1393 IH'
1113 1325 1204 1414 (p.
1251 1329 1377 1393 897
1409 1326 1507 1414 d):
1543 1322 1619 1405 ὃς
1654 1324 1896 1406 κύκλος
1933 1326 2345 1415 φαινόμενος
2378 1324 2554 1406 ἅλως
2586 1334 2907 1411 καλεῖται,

599 1434 718 1503 ὅτι
786 1433 1004 1502 ἐστὶν
1067 1430 1272 1511 αλως
1312 1436 1684 1521 προσεχεῖς
1748 1434 1884 1500 ἐκεῖ
1944 1437 2309 1513 δοκοῦντος
2370 1435 2493 1501 τοῦ
2556 1432 2904 1522 φάσματος

605 1548 935 1629 γίνεσθαι.
1018 1541 1237 1607 Verba
1299 1546 1604 1627 corrupta
1669 1538 1707 1607 ὅ
1716 1566 1787 1606 τι
1843 1541 2061 1608 ἐστὶν
2125 1539 2326 1619 ἅλ’ως
2386 1544 2633 1608 frustra
2696 1543 2905 1607 adhuc

604 1655 857 1717 tentata
905 1653 1072 1715 sunt.
1159 1648 1460 1729 Reiskius
1509 1649 1786 1714 conieci&
1832 1645 1934 1715 ὅτι
1981 1646 2191 1715 ἅλωνι
2252 1646 2667 1737 προσφερής,
2724 1655 2790 1714 et
2832 1651 2905 1714 in

605 1759 648 1824 f.
687 1760 884 1823 ἔνθα
932 1754 1311 1821 συνέπεσε
1356 1751 1438 1821 τὸ
1487 1751 1746 1832 πάθος
1798 1779 1918 1840 pro
1972 1759 2145 1822 ἔνθα
2190 1757 2323 1823 νῦν
2360 1758 2548 1822 ἔπεσε
2582 1754 2659 1823 τὸ
2694 1753 2905 1841 πάχος

606 1861 696 1927 κέ.
778 1863 1128 1947 wyttenb:
1177 1857 1278 1927 ὅτι
1328 1860 1507 1928 ἐστὶν
1556 1859 1719 1940 ἄλυς
1763 1864 1881 1947 τῆς
1927 1858 2165 1947 ὅψεως,
2202 1866 2540 1949 προσεχῶς
2586 1864 2723 1930 ἐκεῖ
2764 1865 2906 1929 δοκ.

603 1970 725 2035 τοῦ
771 1993 840 2053 φ.
887 1971 1222 2053 γίνεσθαι,
1271 1971 1442 2033 ἔνθα
1489 1968 1809 2035 συνέπεσε
1852 1965 1929 2035 τὸ
1984 1970 2205 2055 πάχος.
2254 2008 2339 2017 -
2384 1970 2531 2058 Ego
2583 1972 2900 2056 suspicor:

605 2072 881 2141 ἄπεστι
949 2070 1010 2139 δ’
1082 2070 1364 2160 ἄλλως,
1431 2077 1603 2161 quod
1662 2077 1754 2141 sic
1813 2078 2152 2162 seriptum:
2218 2075 2907 2165 ΤΙΕ.(Τ1Λ.;ΑΛ(Λ)ωΕ

604 2177 906 2248 liBrarius
954 2184 1024 2247 in
1070 2177 1172 2247 ὅτι
1213 2181 1394 2248 ἐστὶν
1431 2178 1607 2261 ἅλως
1642 2185 1925 2269 refinxit3
1974 2188 2040 2248 οὺ
2077 2185 2330 2250 deinde:
2378 2188 2551 2251 ἔνθα
2588 2184 2906 2263 συνέπεσε

604 2285 680 2356 τὸ
740 2286 947 2375 πάχος
1000 2290 1082 2375 τῇ
1147 2284 1318 2368 ὄψει.
1411 2289 1602 2356 Nune
1669 2292 1988 2356 sementia
2047 2292 2223 2357 clara
2300 2296 2425 2357 esfi:
2499 2297 2783 2359 ceterum
2848 2294 2903 2357 is

607 2401 901 2483 circuluS‚
946 2399 1048 2463 vel
1097 2388 1269 2483 area,
1316 2422 1355 2463 a
1398 2400 1558 2463 luna
1606 2400 1818 2483 abest3
1865 2400 2121 2466 videtur
2178 2402 2349 2465 enim
2400 2403 2534 2466 ista
2580 2399 2901 2485 apparitio

607 2507 897 2592 proxime
944 2505 1036 2571 ibi
1082 2507 1239 2590 fieri,
1284 2506 1397 2571 ubi
1445 2508 1613 2571 aeris
1660 2507 1983 2572 crassities
2029 2509 2101 2572 in
2146 2508 2359 2576 visum
2404 2507 2651 2572 incidit.

785 2612 924 2678 Lib.
953 2611 1066 2697 IV,
1103 2609 1273 2698 KB'‚
1311 2615 1350 2692 ἓ
1385 2613 1427 2677 5
1457 2611 1546 2696 (p.
1574 2614 1709 2678 904
1737 2611 1832 2699 a):
1869 2613 2250 2701 πληρωθεὶς
2288 2615 2367 2680 δέ
2401 2611 2516 2700 (se.
2554 2609 2591 2680 ὁ
2630 2611 2907 2701 θώραξ),

608 2719 718 2786 καὶ
779 2717 1008 2804 μηκέτι
1065 2717 1461 2803 ἐφέλκεσθαι
1522 2716 1927 2806 δυνάμενος,
1984 2717 2190 2787 πάλιν
2246 2724 2339 2798 εἰς
2390 2717 2513 2787 τόν
2566 2718 2907 2807 πνεύμονα

608 2825 684 2893 τὸ
748 2823 1058 2913 περιττὸν
1123 2821 1683 2914 ἀντιμεταρρεῖ
1739 2865 1813 2873 -
1882 2865 1993 2910 -,
2058 2823 2147 2904 ὥς
2210 2827 2533 2913 τέσσαρας
2595 2829 2905 2912 γίνεσθαι

610 2931 904 3019 κινήσεις
938 2931 1088 3018 περὶ
1123 2929 1247 2999 τὸν
1275 2930 1647 3019 πνεύμονα·
1684 2930 1809 3019 τὴν
1845 2933 1971 3021 μὲν
1996 2931 2292 3019 πρώτην,
2329 2930 2486 3000 καθ’
2530 2931 2619 3018 ἠν
2658 2934 2909 3014 ἔξωθεν

611 3037 774 3127 ἀέρα
822 3041 1101 3126 δέχεται·
1149 3037 1272 3125 τὴν
1320 3039 1395 3106 δὲ
1443 3039 1784 3128 δευτέραν,
1830 3036 1989 3106 καθ’
2039 3035 2126 3125 ἣν
2175 3036 2373 3108 τοῦθ’
2434 3038 2596 3125 ὅπερ
2645 3041 2907 3122 ἐδέξατο

610 3148 944 3236 θύραθεν,
992 3144 1180 3226 ἐντὸς
1226 3143 1438 3214 αὐτοῦ
1480 3144 1647 3234 πρὸς
1700 3143 1822 3213 τὸν
1876 3145 2157 3234 θώρακα
2213 3161 2608 3236 μεταρρεῖ·
2664 3145 2790 3234 τὴν
2836 3146 2911 3214 δὲ

611 3260 882 3344 τρίτην,
909 3249 1095 3321 καθ’·
1119 3248 1207 3340 ἣν
1249 3251 1327 3321 τὸ
1373 3250 1502 3321 ἀπὸ
1550 3256 1675 3320 τοῦ
1729 3251 2041 3340 θώρακος
2100 3252 2661 3340 συστελλόμενον,
2708 3244 2913 3332 αὖθις

613 3367 724 3440 εἰς
769 3358 1012 3428 αὐτὸν
1059 3361 1413 3447 ἐκδέχεται·
1468 3361 1592 3447 τὴν
1650 3359 1723 3426 δὲ
1777 3358 2129 3447 τετάρτην,
2184 3357 2342 3427 καθ’
2407 3356 2495 3447 ἣν
2545 3360 2656 3427 καὶ
2710 3357 2785 3427 τὸ
2843 3361 2911 3440 ἐξ

613 3465 1038 3554 ὑποστροφῆς
1083 3469 1166 3536 έν
1215 3465 1415 3559 αὐτῷ
1463 3469 1853 3555 γενόμενον,
1899 3465 2149 3556 θύραζε
2196 3468 2433 3556 ἐξερᾷ.
2517 3465 2790 3534 Τούτων
2837 3466 2913 3534 δὲ

613 3578 749 3643 τῶν
794 3573 1125 3660 κινήσεων
1175 3574 1299 3642 δύο
1346 3574 1470 3662 μὲν
1518 3573 1693 3644 εἶναι
1741 3573 2118 3660 διαστολάς,
2164 3573 2289 3660 τήν
2332 3570 2390 3640 τ’
2450 3576 2733 3657 ἔξωθεν,
2786 3573 2911 3660 τήν

611 3681 670 3750 τ’
715 3680 841 3750 άπὸ
879 3685 1004 3749 τού
1038 3679 1372 3770 θώρακος·
1423 3681 1547 3749 δύο
1590 3682 1665 3750 δὲ
1701 3681 2049 3767 συστολάς,
2084 3679 2208 3768 τὴν
2236 3683 2383 3768 μέν,
2421 3679 2585 3748 ὅταν
2612 3678 2649 3749 ὁ
2678 3679 2911 3768 θώραξ

613 3786 734 3857 ὑπ’
788 3784 1032 3856 αὐτὸν
1077 3786 1151 3856 τὸ
1207 3787 1658 3875 πνευματικὸν
1712 3787 1989 3878 ἑλκύσῃ,
2033 3785 2157 3875 τὴν
2216 3786 2291 3854 δὲ
2346 3785 2509 3855 ὅταν
2564 3784 2765 3866 αὐτὸς
2818 3792 2915 3866 εἰς

613 3896 733 3964 τὸν
810 3895 1106 3964 κόλπον
1174 3898 1611 3985 (Duebneruffl
1669 3893 1883 3985 ἐκτὸς)
1948 3893 2112 3984 ἀέρα
2177 3891 2531 3982 ἀποκρίνῃ·
2590 3892 2716 3962 δύο
2780 3892 2909 3982 γὰρ

616 4003 817 4091 μόναι
900 4010 1207 4089 γίνονται
1283 4004 1433 4093 περὶ
1509 4001 1633 4071 τὸν
1718 4001 2031 4090 θώρακα·
2116 4001 2431 4089 διαστολὴ
2512 4003 2665 4090 μέν,
2749 3999 2914 4068 ὅταν

615 4107 746 4177 άπὸ
792 4115 914 4178 τοῦ
959 4108 1338 4197 πνεύμονος
1384 4111 1761 4198 ἐφέλκηται·
1809 4109 2097 4197 συστολὴ
2145 4111 2242 4195 δέ,
2288 4108 2452 4178 ὅταν
2500 4106 2663 4176 αὐτὸ
2709 4108 2915 4177 πάλιν

619 4215 1070 4309 ἀνταποδιδῷ.
1152 4221 1389 4286 Misere
1447 4203 1788 4305 corruptus
1843 4222 2051 4306 locus»,
2117 4221 2228 4285 sed
2294 4220 2376 4284 ad
2441 4220 2912 4286 emendandum

617 4326 790 4391 haud
837 4326 1132 4407 difficilis,
1180 4328 1413 4392 mirum
1458 4329 1525 4392 in
1572 4328 1837 4392 modum
1881 4328 1975 4390 ita
2022 4326 2230 4392 adhue
2288 4328 2516 4393 editur.
2597 4326 2725 4392 Pro
2772 4321 2908 4392 ἄν·
2998 4312 3003 4318 ’

618 4444 1078 4519 τιμεταρρεῖ
1128 4432 1340 4518 Wyfflz.
1390 4433 1666 4498 coniecit
1719 4426 2257 4519 άντιμεταχεῖ,·
2314 4434 2725 4500 scribendum
2774 4429 2910 4500 άν-
