3200 5175
1244 341 1683 406 ,93-

315 521 474 607 quid
531 520 854 586 sententia
906 519 1195 604 requirat
1247 520 1577 585 videamus
1640 541 1901 586 neeesse
1955 522 2071 584 est.
2173 517 2393 585 Primo
2450 519 2615 584 dixit

315 627 652 694 Socratem
698 625 1178 711 philosophiam
1229 626 1515 710 spectriS,
1560 626 1802 692 fabulis
1849 631 1915 692 et
1967 627 2393 710 super-titione
2440 625 2611 690 obsi-

313 739 456 801 tam
501 737 568 798 et
613 733 958 799 admodum
1003 733 1388 798 bacchantem
1447 756 1487 797 a
1532 731 1913 818 Pythagora
1957 738 2023 800 et
2070 732 2463 817 Empedoele
2509 753 2611 799 ao-

315 843 596 928 eepisse3
641 839 868 906 deinde
921 877 996 886 —
1048 862 1202 905 nam
1259 840 1337 905 de
1393 834 1614 924 ὥσπερ
1670 836 1751 905 τὰ
1794 863 1901 924 πρ.
1947 842 2401 906 πεπνῦσθαι
2447 838 2611 903 nihil

317 949 608 1033 sapimus
665 942 748 1012 οῦ
803 943 1198 1032 πεπνῦμεθα
1251 983 1351 1032 -,
1398 947 1480 1012 ad
1525 947 1819 1012 veritatis
1864 947 2347 1033 indagationem
2394 945 2613 1012 sobria

315 1056 571 1121 ratione
617 1053 1054 1140 peragendam
1111 1053 1460 1140 discipulos
1509 1053 1960 1136 assuefecisse‚
2019 1049 2360 1138 νήφοντι
2406 1048 2610 1140 λόγῳ

315 1185 474 1247 μετ.
530 1157 656 1244 τὴν
709 1154 837 1246 ἀλ.,
891 1183 1054 1248 quae
1118 1160 1512 1246 praegressis
1576 1151 1663 1226 εὖ
1698 1156 1920 1246 ,μάλα
1974 1157 2613 1244 βεβακχευμένην

317 1268 668 1334 manifesto
715 1271 1150 1352 opponuntur.
1229 1266 1401 1332 Hine
1437 1271 1709 1352 apparet
1753 1269 1951 1333 verba
1987 1267 2195 1332 dubia⁴
2230 1262 2345 1333 ὥσ.
2380 1260 2461 1330 τὰ
2506 1287 2613 1350 πρ.

315 1375 705 1441 πεπνῦσθαι
752 1374 832 1440 ad
879 1373 1290 1460 Pythagorae
1335 1375 1832 1459 philosophiam,
1878 1397 2042 1460 quae
2090 1371 2458 1460 φασμάτων
2502 1369 2615 1437 καὶ

315 1478 568 1567 μύθων
619 1479 730 1550 καὶ
783 1483 1018 1547 δεισιδ.
1064 1476 1412 1558 ἀνάπλεως
1454 1470 1573 1566 ἦν,
1630 1482 1725 1546 ita
1779 1482 2007 1547 referri
2064 1449 2476 1566 oporteff'ut
2530 1480 2613 1546 ab

318 1590 452 1654 illis
503 1590 774 1674 spectris
823 1593 890 1654 et
931 1588 1174 1654 fabulis
1221 1589 1703 1674 philosophiam
1746 1589 2055 1654 liberasse
2102 1587 2397 1655 Socrates
2445 1587 2611 1651 diea-

315 1701 439 1761 tur.
513 1695 934 1762 Scribendum
969 1695 1172 1781 igitur
1205 1699 1392 1780 puto:
1427 1733 1513 1744 —
1553 1697 1968 1780 φιλοσοφίαν
2004 1689 2134 1760 ἆπὸ
2171 1690 2615 1779 Πυθαγόρου,

319 1798 524 1888 (παρὰ
589 1797 685 1886 δ’)
734 1796 1254 1887 Ἐμπεδοκλέους
1318 1800 1674 1888 δεξάμενος
1729 1791 1804 1867 εὖ
1850 1799 2026 1886 μάλα
2079 1800 2616 1887 βεβακχευμένην

315 1915 578 1976 εἴθισεν
621 1904 720 1986 ὥς
763 1905 1088 1994 περιττὰ
1133 1905 1486 1997 πράγματα
1531 1908 2047 1996 περιελέσθαι
2083 1907 2195 1975 καὶ
2233 1913 2289 1973 λ.
2327 1904 2615 1992 νήφοντι

311 2014 668 2101 μετιέναι
713 2013 838 2102 τὴν
884 2013 1214 2102 ἀλήθειαν
1227 2066 1248 2100 ,
1292 2018 1334 2082 i.
1382 2041 1434 2083 e.
1491 2024 1706 2084 εἴθισε
1769 2013 1927 2095 τοὺς
1972 2013 2303 2093 συνόντας
2362 2011 2444 2080 τὰ
2490 2011 2616 2099 φά-

315 2139 535 2209 σματα
592 2121 704 2189 καὶ
757 2119 918 2202 τοὺς
969 2120 1235 2209 μύθους
1279 2122 1391 2189 καὶ
1435 2121 1560 2208 τὴν
1608 2126 2143 2210 δεισιδαιμονίαν
2200 2109 2296 2200 ’ὧς
2348 2117 2615 2206 περιττὰ

311 2227 670 2317 πράγματα
743 2230 1168 2318 περιελέσθαι
1239 2235 1374 2296 κτλ.
1477 2229 1780 2297 Ceterum
1850 2232 2175 2296 sententia
2245 2230 2615 2317 postulante

315 2337 598 2402 aoristus
646 2335 1128 2425 (περιελέσθαι)
1175 2360 1320 2403 eum
1377 2342 1720 2422 praesente
1767 2335 2117 2425 (μετιέναι)
2172 2338 2487 2423 iungitur,
2542 2341 2617 2400 ut

315 2445 494 2510 idem
536 2444 799 2510 valeant
855 2467 952 2511 ae:
1008 2445 1629 2531 περιελομένους
1684 2441 1860 2533 λόγῳ
1915 2443 2204 2530 νήφοντι
2261 2441 2614 2528 μετιέναι

312 2547 442 2636 τὴν
489 2545 838 2637 ἀλήθειαν.
902 2543 996 2618 αἲξ
1025 2576 1086 2639 p.
1133 2552 1262 2619 527
1292 2552 1336 2619 f.

499 2657 570 2724 O.
612 2662 689 2726 11
740 2658 830 2745 (p.
869 2660 995 2726 581
1021 2657 1089 2744 a)
1137 2661 1289 2725 init:
1337 2654 1429 2737 ὦς
1470 2656 1598 2744 γὰρ
1639 2655 1801 2745 ὁλκὴ
1840 2662 1957 2746 μία
2002 2656 2159 2725 καθ’
2214 2655 2455 2744 ἑαυτὴν
2495 2652 2617 2724 οὐκ

315 2760 468 2847 ἄγει
513 2759 634 2830 τὸν
683 2762 908 2849 ζυγόν,
955 2766 1430 2853 ἰσορροποῦντι
1479 2763 1554 2831 δὲ
1614 2763 1803 2851 βάρει
1856 2764 2347 2850 προστιθεμένη
2404 2767 2617 2831 κλίνει

315 2866 394 2936 τὸ
425 2868 695 2957 σύμπαν
735 2867 840 2957 ἐφ’
877 2866 1147 2955 ἑαυτήν·
1188 2867 1399 2949 οὕτως
1433 2869 1871 2958 ἐφαρμόσει
1906 2869 2195 2959 κλῃδών,
2221 2868 2264 2957 ἥ
2291 2896 2355 2937 τι
2399 2873 2619 2937 τοιοῦ-

317 3001 442 3044 τον
487 2975 831 3064 σύμβολον
853 2976 894 3017 *
937 2974 1050 3043 καὶ
1095 2978 1359 3062 κοῦφον
1415 2977 1705 3064 ἐμβριθῆ
1765 2975 2078 3044 διάνοιαν
2124 2976 2618 3044 ἐπισπάσασθαι

318 3080 490 3170 πρὸς
535 3083 794 3169 πρᾶξιν.
877 3084 1086 3151 Locus
1133 3086 1551 3171 perturbatus
1590 3090 1657 3150 et
1701 3087 2064 3153 lacunosus.
2133 3081 2325 3171 Ὁλκὴ
2362 3087 2483 3171 μία
2519 3090 2619 3151 est

319 3192 662 3256 minimum
715 3192 998 3277 pondus,
1054 3191 1266 3257 ‘unica
1323 3191 1674 3278 drachma‚'
1731 3197 1805 3258 ut
1857 3198 2029 3259 reete
2083 3194 2373 3259 reddunt.
2455 3191 2616 3257 Her·

320 3298 602 3364 werdeni
637 3298 839 3385 igitur
876 3293 1067 3383 ὁλκὴ
1114 3295 1354 3383 μικρά
1398 3300 1562 3366 mihi
1597 3299 1857 3384 quidem
1894 3322 2026 3365 non
2062 3300 2376 3385 probatur
2410 3320 2617 3382 neque

321 3401 417 3470 οὐ
459 3401 782 3489 κατάγει
827 3427 946 3491 pro
994 3400 1136 3473 οὐκ
1183 3402 1356 3491 ἄγει
1399 3408 1834 3473 necessarium
1871 3408 2139 3472 videtur.
2222 3406 2326 3471 Ad
2364 3410 2617 3472 senten-

321 3512 486 3576 tiam
543 3512 928 3597 explendam
983 3514 1054 3611 in
1109 3518 1415 3598 promptu
1480 3516 1580 3579 est
1634 3513 1956 3579 conicere:
2012 3508 2133 3579 τὸν
2192 3508 2392 3596 ζυγὸν
2451 3505 2617 3599 [ἀνι-

321 3615 715 3706 σόρροπον],
763 3621 1296 3706 ἰσορροποῦντι
1342 3618 1422 3685 δέ
1429 3646 1446 3698 3
1495 3620 1607 3685 sed
1650 3619 1776 3685 hoe
1824 3642 2077 3705 quoque
2124 3641 2339 3685 carere
2383 3620 2618 3705 possiS,

321 3748 468 3791 eum
515 3748 594 3791 ex
638 3726 883 3812 inseqq.
931 3727 1410 3813 ἰσορροποῦντι
1458 3726 1539 3793 δέ
1581 3726 1799 3814 aliquo
1854 3728 2047 3793 modo
2094 3728 2425 3819 subaudiri
2469 3750 2618 3811 pos-

323 3834 428 3899 sit.
523 3832 832 3899 Similiter
886 3834 1050 3899 dixit
1103 3858 1164 3919 p.
1211 3834 1342 3900 995
1368 3834 1422 3899 f:
1481 3835 1554 3900 οἷ
1600 3838 1798 3903 πίθοι
1853 3832 2301 3920 κρουσθέντες
2356 3830 2618 3919 ἠχοῦσι,

321 3937 676 4026 γενόμενοι
725 3937 801 4005 δὲ
843 3936 1115 4026 πλήρεις
1161 3937 1283 4027 οὐχ
1327 3936 1749 4010 ὑπακούουσι
1794 3954 1934 4019 τοῖς
1968 3947 2271 4025 πληγαῖς,
2310 3942 2425 4006 ubi
2469 3944 2621 4026 post

321 4051 555 4113 πίθοι
601 4047 1109 4113 subaudiendum
1155 4053 1256 4115 est
1309 4052 1525 4131 κενοί,
1588 4050 1701 4114 sed
1755 4071 1889 4114 non
1946 4048 2323 4115 addendum.
2403 4047 2620 4113 Morbi

327 4154 512 4220 sedes
566 4155 638 4219 in
692 4154 892 4220 verbo
947 4152 1384 4241 ἐφαρμόσει
1447 4156 1640 4241 latet,
1695 4178 1821 4241 quo
1878 4160 2109 4221 sanato
2164 4156 2377 4219 cetera
2428 4152 2619 4219 facile

323 4262 808 4347 intelleguntur.
889 4260 1194 4328 Reiskius
1249 4264 1462 4329 locum
1517 4264 1613 4329 sie
1656 4262 2112 4348 integrandum
2158 4264 2371 4345 putat:
2428 4254 2525 4344 ἐφ’
2577 4254 2619 4326 ἃ

323 4362 635 4453 ὁρμήσαι,
679 4364 948 4454 κλῃδών
993 4366 1104 4434 καὶ
1150 4365 1521 4453 σύμβολον,
1567 4363 1682 4435 ἅτε
1728 4364 2012 4445 ἀσθενὲς
2050 4364 2160 4434 καὶ
2204 4367 2468 4451 κοῦφον
2514 4363 2620 4452 ὄν,

326 4474 618 4562 ἐμβριθῆ
660 4479 796 4541 κτλ.
876 4474 1218 4559 Wyttenb.
1266 4474 1572 4541 correxit:
1633 4469 1845 4553 οὕτως
1900 4469 2041 4540 οῦκ
2097 4468 2413 4561 ἀρκέσει
2467 4480 2621 4562 κλῃ-
