3200 5175
1411 322 1488 333 —-
1591 287 1893 351 134-

511 483 702 532 στιον
738 460 996 531 οίκέτιν’
1037 465 1178 529 τοῦ
1224 460 1741 547 Σοφοκλέους
1775 484 1893 548 pro
1938 486 2009 528 τε
2046 464 2425 549 Σοφοκλῆς.
2497 463 2634 527 Alii
2669 485 2808 529 cor-

511 576 760 660 rigunt:
807 565 896 647 ὥς
932 587 1100 656 φησι
1138 570 1526 654 Σοφοκλῆς;
1570 564 1649 634 τό
1686 570 1810 635 τοῦ
1846 567 2307 654 Σοφοκλέουςε
2342 594 2413 636 τε
2451 574 2809 655 Σοφοκλεῖ.

689 678 760 745 O.
797 680 858 763 4,
896 682 936 761 ξ
974 680 1015 744 9
1061 675 1153 766 (p.
1189 676 1321 743 962
1349 675 1414 764 e)
1462 678 1632 742 male
1685 676 2101 742 Duebnerum
2153 678 2515 763 scripsisse:
2562 678 2635 743 οἱ
2682 673 2809 762 μὲν

512 782 638 871 γὰρ
686 780 1084 869 ἀφανίζουσι
1129 780 1210 849 τὰ
1255 776 1355 849 οἷὰ
1399 782 1510 848 καὶ
1567 785 2047 867 διαφθείρουσι
2099 783 2238 867 τῆς
2278 786 2619 868 θηλείας
2660 782 2809 871 (pro

510 889 645 970 τὰς
687 890 1048 978 θηλείας)
1093 892 1495 977 redarguunt
1536 890 1793 975 inseqq:
1841 885 2006 956 ὅταν
2042 887 2448 974 ἐπωάζωσιν,
2487 888 2570 957 οὐ
2604 908 2811 977 προσ-

514 998 908 1085 δεχομένας.

694 1123 762 1190 O.
814 1125 925 1205 ll,
979 1126 1020 1204 ξ
1069 1124 1104 1187 7
1167 1124 1254 1207 (p.
1301 1124 1430 1189 968
1462 1120 1556 1209 a):
1619 1117 1780 1198 τοὺς
1844 1120 1917 1187 δὲ
1980 1118 2097 1200 τὰς
2154 1118 2529 1208 μυρμηκιὰς
2586 1119 2814 1189 αὐτῶν

513 1228 619 1297 ἐπὶ
663 1229 757 1321 τῷ
803 1235 1217 1313 καταμαθεῖν
1263 1224 1484 1314 ὥσπερ
1532 1227 1608 1308 ἐξ
1654 1224 2051 1314 ἀνατομῆς
2094 1230 2455 1308 ποιοῦντας
2492 1226 2616 1296 οὐκ
2650 1224 2815 1297 ἀπο-

517 1334 808 1422 δέχομαι.
891 1335 1039 1401 Ald.
1094 1336 1245 1401 Bas,
1305 1336 1455 1421 Xyl.
1518 1334 1941 1421 έξανατομῆς.
2020 1337 2108 1403 E:
2166 1336 2232 1415 ἐξ
2289 1332 2627 1422 ἀνατομῆς
2678 1359 2814 1403 πο-

515 1444 861 1520 νοῦντας
921 1439 1371 1530 (πληροῦντας
1437 1440 1670 1530 Harl.).
1763 1443 2063 1509 Reiskius
2128 1445 2437 1510 conieciss:
2503 1444 2569 1525 ἐξ
2626 1440 2816 1512 ἀνατ.

518 1552 950 1629 σκοποῦντας.
1031 1549 1252 1636 Ἦγῌκ
1298 1548 1366 1628 ἐξ
1411 1543 1777 1634 ἀνατομίας
1818 1550 2200 1633 ποιοῦντας,
2243 1557 2542 1637 tanquam
2586 1558 2818 1618 castra-

518 1665 609 1725 tos
651 1660 887 1725 medica
922 1659 1182 1724 sectione
1215 1659 1541 1723 reddentes.
1576 1693 1654 1704 —-
1692 1656 1987 1724 Oonicio:
2032 1652 2255 1743 ὥσπερ
2293 1655 2650 1747 ἑξά[γω]να
2692 1683 2819 1725 το-

517 1777 699 1851 μαῖς
744 1764 876 1852 (vel
919 1763 1119 1850 τομῇ)
1165 1764 1541 1841 ποιοῦντας.
1624 1763 1807 1830 Haec
1850 1765 2025 1831 enim
2070 1765 2285 1830 forma
2329 1769 2444 1831 est.

700 1906 768 1974 o,
788 1909 875 1975 26
889 1905 1131 1994 init.(p.
1147 1908 1274 1972 997
1289 1905 1381 1993 ε).
1403 1907 1476 1973 oc
1489 1904 1563 1972 δὲ
1584 1900 1792 1984 ἁλιεῖς
1810 1908 2227 1993 συνορῶντες
2246 1903 2463 1993 ὥσπερ
2479 1904 2734 1976 ἈΔοΞ
2743 1886 2822 1976 ι-Ῑ-

522 2016 704 2081 MAG
729 2010 1208 2099 παλαισμάτων
1234 2008 1316 2078 τὰ
1341 2019 1615 2079 πλεῖστα
1646 2010 2134 2099 διακρουόμενα
2162 2010 2280 2091 τὰς
2306 2010 2423 2079 ἀπ’
2456 2011 2821 2100 ἀγκίστρου

519 2117 724 2205 βολὰς
769 2119 874 2186 ἐπὶ
911 2124 1062 2205 βίας
1106 2117 1503 2207 ἐτράπησαν.
1589 2120 1862 2186 Frustra
1908 2121 2117 2186 adhue
2161 2124 2450 2213 tentatus
2497 2127 2597 2189 θείς
2636 2126 2821 2191 loeus

520 2229 602 2294 ad
639 2227 1108 2294 emendandum
1144 2227 1524 2294 facillimus.'
1585 2227 1885 2293 Reiskius
1924 2228 2227 2293 coniecit:
2274 2224 2655 2315 ἆδοξήματα
2699 2254 2820 2297 πα-

519 2333 923 2422 λαισμάτων,
969 2336 1010 2401 i.
1058 2358 1109 2400 e.
1143 2330 1366 2414 ἄδοξα
1407 2337 1845 2420 παλαίσματα.
1917 2334 2220 2420 Bryanus
2267 2338 2656 2403 coniecerat:
2702 2360 2823 2403 πα-

525 2438 939 2529 ραδοξῆμασι
1004 2444 1110 2508 vel
1171 2436 1860 2527 παραδοξονικήμασι,
1924 2440 2097 2527 quod
2158 2441 2498 2528 wyttenb.
2566 2467 2684 2511 nee
2747 2451 2824 2511 ut

521 2572 743 2617 verum
778 2550 1056 2636 probare
1100 2572 1220 2616 nec
1258 2549 1619 2628 ufi,falsum
1656 2548 1993 2632 repudiare
2040 2549 2249 2635 audet,
2286 2572 2431 2615 eum
2468 2552 2607 2636 ipse
2647 2552 2821 2637 quod

520 2665 800 2745 reponat
854 2657 1258 2742 probabilius
1315 2679 1452 2722 non
1506 2656 1765 2722 habeafi.
1811 2693 1896 2702 -
1945 2654 2283 2722 Senssentia.
2338 2659 2635 2743 requirit:
2691 2661 2821 2743 pis·

521 2789 627 2832 ces
689 2770 1024 2851 tamquam
1078 2765 1378 2831 remediis
1436 2764 1536 2829 vel
1597 2764 2083 2830 defensionibus
2142 2765 2526 2849 quibusdam
2594 2770 2825 2833 eontra

524 2873 921 2960 piscatorum
979 2873 1256 2939 arssifieia
1314 2875 1567 2938 utentes
1626 2894 1703 2938 ex
1758 2872 1970 2937 hamis
2026 2873 2315 2938 eluctari.
2397 2870 2823 2940 Scribendum

523 3017 748 3102 igitur:
794 3009 1016 3094 ὥσπερ
1057 2989 1533 3083 ἈΛΕΞΙ-’ἱΜΑΕΙ
1559 3011 2063 3100 ’παλαισμάτων
2106 3011 2195 3080 κὲ.
2234 3015 2416 3101 'quod
2461 3038 2588 3102 quo
2629 3016 2822 3082 modo

525 3141 596 3206 in
634 3115 1136 3208 ἈΔοΞι-ἰΜΑει
1177 3140 1596 3224 depravatum
1634 3140 1830 3206 fueris
1874 3141 1943 3206 in
1978 3141 2324 3225 propatulo
2365 3146 2481 3207 esi.
2527 3144 2589 3207 Δ
2630 3172 2714 3194 =
2753 3143 2824 3208 Λ.

527 3248 580 3314 Ο
619 3277 703 3300 =
742 3249 802 3312 Ε.

701 3353 936 3420 Bruta
1000 3352 1283 3422 ratione
1341 3353 1457 3419 uti
1522 3376 1572 3420 e.
1620 3356 1689 3439 4,
1748 3357 1789 3436 ξ
1846 3355 1888 3420 5
1943 3353 2031 3439 (p.
2080 3355 2208 3421 987
2240 3351 2332 3441 e):
2390 3365 2695 3431 νεοσσοῖς
2749 3350 2827 3420 δὲ

525 3460 636 3528 καὶ
690 3458 1014 3547 σκύμνοις
1065 3458 1324 3528 τούτων
1373 3499 1458 3508 -
1503 3457 1716 3527 πολλὰ
1776 3459 1887 3526 καὶ
1942 3455 2242 3545 ἀπατηλὰ
2296 3464 2689 3547 μειλίγματα
2738 3499 2821 3510 —-

525 3568 1020 3656 προσφέροντες
1089 3565 1202 3633 καὶ
1263 3565 1956 3654 καταφαρμάττοντες,
2022 3562 2297 3652 ἡδονῶν
2368 3563 2548 3653 παρὰ
2613 3564 2827 3653 φύσιν

527 3672 887 3762 γευόμενα,
960 3674 1069 3742 καὶ
1136 3677 1397 3760 διαίτης
1473 3668 1733 3761 ἀδρανῆ
1798 3671 2050 3760 χρόνον
2113 3671 2639 3759 κατειργάσαντο
2711 3675 2826 3742 καὶ

526 3781 1010 3869 προσεδέξαντο
1062 3821 1140 3830 —-
1197 3777 1326 3869 τὴν
1388 3779 1811 3867 καλουμένην
1872 3780 2297 3868 ἐξημέρωσιν.
2390 3782 2636 3848 Locum
2688 3788 2827 3847 tur-

527 3891 754 3956 baizum
791 3889 996 3976 Wytt.
1045 3889 1385 3956 eonstifiuit
1423 3889 1542 3954 sie:
1595 3925 1673 3935 —-
1714 3887 2377 3975 καταφαρμάττοντες
2411 3887 2642 3972 ταῦτα,
2682 3887 2723 3952 ἕ
2727 3912 2828 3966 ως

528 3993 801 4082 ἡδονῶν
845 3993 1024 4084 παρὰ
1067 3993 1281 4082 φύσιν
1326 3993 1661 4082 γευόμενα
1705 3993 1815 4061 καὶ
1878 3997 2133 4080 διαίτης
2178 3988 2545 4080 ἀδρανοῦς,
2603 3991 2827 4084 χρόνῳ

528 4102 1065 4191 κατεργασθέντα
1117 4103 1624 4190 προσεδέξαντο.
1704 4102 1763 4168 Ε
1801 4103 2033 4189 quibus
2080 4102 2463 4169 Duebnerus
2508 4101 2633 4180 ἕως
2676 4105 2823 4168 tan-

529 4218 671 4278 tum
736 4212 978 4296 recepit
1027 4232 1166 4276 non
1213 4211 1351 4276 sine
1411 4209 1781 4296 prudentia3
1844 4211 2025 4275 loeus
2086 4209 2257 4274 enim
2314 4211 2419 4276 vel
2480 4213 2555 4275 ufi
2620 4207 2829 4295 wytt.

530 4320 672 4387 vult
715 4322 1040 4385 correctus
1095 4318 1491 4403 incongruus
1556 4320 1672 4382 est.
1761 4315 1923 4382 Mihi
1976 4317 2156 4382 loeus
2210 4317 2423 4382 lenius
2480 4320 2547 4382 et·
2588 4318 2827 4384 rectius

535 4424 1024 4492 constituendus
1069 4425 1322 4491 videtur
1365 4424 1488 4489 ita:
1535 4445 1773 4507 καταφ.
1820 4417 2093 4507 ἡδονῶν
2146 4418 2325 4506 παρὰ
2379 4419 2590 4508 φύσιν
2634 4419 2828 4507 γευό-
