3200 5175
1254 360 1701 427 ,35-

331 534 528 623 ἐγγὺς
575 521 776 605 Ρ”ΙΨΑΙ
816 534 945 622 τὴν
979 535 1212 617 πόλιν;
1267 538 1374 605 I'na
1403 538 1583 603 codd.
1611 538 1856 623 Bryani
1892 538 2327 605 coniecturam
2378 538 2634 624 ῥιπίσαι

333 666 559 709 omnes
635 644 765 708 iam
838 648 1239 729 receperunt.
1328 645 1609 730 Propius
1666 644 1938 711 accedit:
2002 640 2210 729 ἐγγὺ(
2276 643 2637 733 (Ε)ΡΑΨΑΙ,

321 751 366 816 i.
418 773 474 816 e.
519 746 716 834 ἐγγὺς
767 748 1037 831 ἐνάψαι.

503 873 760 956 Agidis
808 878 879 941 2:
926 877 1272 960 λαβοῦσαν
1318 874 1393 943 δὲ
1439 875 1554 962 (so.
1616 900 1742 961 την
1796 870 2037 963 οὐρὰν)
2084 873 2211 961 τὴν
2264 872 2631 963 ἡγεμονίαν

324 977 540 1067 αὐτήν
583 1007 653 1049 τε
683 983 902 1060 κακῶς
936 976 1375 1048 ἀπαλλάττειν
1421 978 1660 1071 ἀνοίᾳ
1704 982 2169 1068 πορευομένην
2205 982 2318 1050 καὶ
2363 982 2489 1069 τὴν
2523 1008 2625 1049 κε-

328 1086 553 1173 φαλὴν
608 1088 1031 1167 καταξαίνειν
1086 1088 1176 1155 κε’.
1267 1088 1394 1155 Pro
1450 1091 1649 1156 verbo
1718 1091 1939 1175 inepto
1998 1084 2235 1178 ἀνοίᾳ
2283 1090 2431 1157 Keil
2478 1114 2627 1157 con-

326 1232 503 1296 iecit:
551 1227 816 1319 ἀνοδίᾳ.
881 1230 1304 1297 Scribendum
1349 1236 1508 1317 puto
1551 1207 1867 1299 ἈΝΤῙΑΝ
1915 1210 2395 1319 πορευομένην.

500 1354 758 1423 Dionis
809 1357 920 1422 16.
976 1352 1202 1444 χρόνω
1253 1352 1328 1419 δε
1372 1353 1483 1420 καὶ
1540 1353 2029 1441 συνδιαιτήσει,
2082 1354 2391 1445 καθάπερ
2437 1356 2634 1437 ψαύ-

324 1485 449 1527 ειν
503 1456 874 1550 ἀνθρώπου
938 1466 1192 1549 θηρίον
1259 1459 1564 1539 ἐθισθεὶς
1628 1458 1989 1579 ὑπομένειν
2050 1489 2120 1531 τε
2178 1460 2305 1549 τὴν
2358 1460 2629 1549 ὁμιλίαν

325 1598 536 1670 αὐτοῦ
571 1601 833 1671 καὶτὸν
867 1601 1095 1688 λόγον.
1169 1603 1637 1691 Corrigendum
1678 1606 1951 1672 videtur:
1987 1602 2292 1694 καθάπερ
2331 1589 2623 1674 ΨΑῨΕΙΝ

325 1742 700 1832 ἀνθρώπου
761 1784 838 1793 --
895 1742 1259 1832 υπομένειν
1327 1740 1453 1829 τὴν
1517 1740 1818 1832 ὁμιλίαν,
1861 1770 1982 1833 pro
2036 1750 2328 1816 ΨΑΥΕΙΝ
2380 1750 2622 1836 scripio

326 1871 619 1956 ΨΑῨΕΙΝ
669 1894 737 1955 et
782 1889 993 1955 deleto
1038 1912 1110 1953 τε
1155 1887 1329 1973 quod
1366 1892 1439 1953 uf,
1481 1884 1729 1966 ψαύειν
1765 1911 1912 1954 cum
1955 1885 2320 1975 ὑπομένειν
2364 1893 2626 1959 coniun-

323 2001 505 2080 geret
569 1996 823 2062 illatum
889 2017 1030 2061 esse
1093 1998 1381 2079 apparess.
1483 1994 1657 2061 Ordo
1720 1996 2064 2062 verborum
2128 2002 2255 2063 esis:
2321 1997 2627 2076 ἐθισθεὶς

268 2088 276 2095 ’
322 2098 686 2187 ὑπομένειν
718 2100 845 2188 τὴν
883 2100 1154 2188 ὁμιλίαν
1190 2098 1402 2169 αὐτοῦ
1437 2099 1744 2190 καθάπερ
1780 2106 2033 2189 θηρίον
2070 2105 2326 2182 ψαῦσιν
2362 2100 2627 2191 ἀνθρώ-

329 2230 462 2275 που
507 2208 622 2295 (sc.
665 2208 944 2289 ἐθίζεται
994 2205 1406 2297 ὑπομένειν).

505 2352 590 2363 -—
643 2319 751 2381 17:
796 2315 1212 2402 βουλομένου
1255 2316 1378 2381 τοῦ
1423 2312 1792 2392 Πλάτωνος
1846 2310 2074 2403 ὁμιλία
2126 2314 2327 2402 χάριν
2379 2270 2624 2405 ἐχούσῃ

328 2460 405 2469 -
437 2419 941 2507 κεραννύμενον
976 2418 1545 2509 ἀφηδύνεσθαι
1571 2422 1695 2487 τοῦ
1733 2424 2003 2500 Δίωνος
2035 2419 2111 2487 τὸ
2150 2412 2341 2507 ἦθος.
2398 2419 2624 2509 Ἐφη-

326 2526 727 2596 δύνεσθαι
774 2531 1178 2598 scribendum
1227 2551 1367 2596 esse
1410 2528 1746 2597 Plutarchi
1792 2552 1947 2596 usus
1988 2530 2191 2597 docet.
2274 2538 2351 2598 cf.
2404 2538 2623 2600 annot.

319 2639 392 2704 in
436 2661 500 2723 p.
548 2639 677 2705 693
708 2662 764 2705 a.

499 2763 720 2829 Bruti
750 2765 820 2829 4:
868 2762 944 2828 ἐν
981 2760 1055 2828 δὲ
1089 2763 1171 2849 τῇ
1211 2765 1516 2849 στρατείᾳ
1562 2763 1680 2848 τῆς
1715 2758 1963 2848 ἡμέρας
1999 2758 2125 2828 ὅσα
2162 2760 2252 2849 μὴ
2292 2767 2622 2853 Πομπηΐῳ

323 2872 542 2955 συνῆν
577 2868 727 2952 περὶ
775 2865 1021 2952 λόγους
1047 2867 1166 2933 ’καὶ
1202 2871 1430 2953 βιβλία
1470 2869 1823 2957 διέτριβεν,
1871 2865 1955 2935 οὐ
1990 2867 2206 2954 μόνον
2248 2867 2372 2936 τὸν
2416 2867 2624 2938 ἄλλον

321 2973 603 3061 χρόνον,
658 2972 827 3042 ἀλλά
897 2975 1009 3041 καὶ
1074 2972 1202 3061 πρὸ
1259 2977 1380 3060 τῆς
1442 2972 1785 3061 μεγάλης
1843 2973 2072 3062 μάχης.
2163 2978 2267 3042 Ita
2322 2977 2534 3044 editur
2588 3001 2623 3043 e

325 3085 698 3150 coniectura
743 3083 1008 3168 Bryani.
1090 3080 1320 3169 codd„
1374 3087 1634 3168 praeter
1692 3081 1996 3166 [MVb‘?]‚
2062 3079 2264 3168 ἄλλης
2316 3084 2622 3170 μεγάλης,

322 3191 396 3256 in
450 3190 522 3255 P.
577 3186 866 3275 μεγάλης
923 3212 1002 3256 ex
1068 3213 1232 3256 corr.
1285 3191 1620 3256 insertum.
1710 3189 2079 3276 Madvigius
2134 3191 2433 3256 coniecifi:
2492 3188 2620 3277 πρὸ

323 3298 440 3381 τῆς
497 3295 580 3362 ἐν
633 3299 1030 3385 Θεσσαλίᾳ
1090 3294 1372 3382 μεγάλης
1436 3293 1663 3382 μάχης.
1753 3295 1975 3364 Possis
2032 3298 2256 3362 etiam:
2320 3293 2449 3382 πρὸ
2494 3298 2622 3382 τῆ(

327 3401 427 3490 [ἐν
477 3400 840 3491 Φαρ(]άλῳ
895 3400 1186 3489 μεγάλης
1246 3401 1476 3489 μάχης.
1567 3403 1813 3468 Verum
1876 3407 2097 3468 ssamen
2161 3403 2406 3488 Bryani
2470 3426 2619 3469 con-

325 3512 571 3577 iectura
618 3533 692 3576 eo
739 3512 1178 3596 confirmatur,
1224 3511 1397 3596 quod
1442 3531 1668 3596 pugna
1713 3510 1795 3575 ad
1829 3507 2215 3575 Pharsalum
2261 3510 2357 3576 ita
2402 3512 2619 3595 appel-

324 3619 498 3683 laizur
543 3619 740 3683 etiam
784 3640 848 3702 p.
889 3618 1013 3682 737
1044 3619 1119 3682 b:
1169 3609 1319 3683 οἷον
1365 3619 1696 3705 Πομπηΐῳ
1744 3613 2005 3705 Μάγνῳ
2052 3614 2266 3700 φασὶν
2311 3610 2440 3683 ἀπὸ
2486 3619 2623 3701 τῆς

325 3748 372 3810 μ
387 3721 522 3809 εγά
533 3730 571 3790 λ
582 3749 624 3808 η
639 3749 672 3803 ς
718 3721 1119 3811 ἐπανήκοντι
1164 3726 1528 3809 στρατείας.

502 3846 713 3914 Arati
763 3849 872 3914 17:
927 3844 968 3933 ἡ
1034 3846 1109 3915 δὲ
1166 3843 1557 3932 Ἀντιγόνου
1624 3844 1882 3933 σπουδὴ
1942 3846 2092 3933 περὶ
2152 3844 2362 3915 αὐτὸν
2418 3844 2621 3916 οὐδὲν

325 3951 632 4021 ἀπέλειπε
675 3955 881 4021 πάθει
925 3957 1063 4021 τῶν
1118 3952 1731 4041 ἐμμανεστάτων
1787 3951 2118 4042 ἐρώτων.
2203 3954 2619 4046 Οοὴοίῑὶβρθ-

325 4063 567 4128 ciosam
625 4063 1110 4128 correctionem:
1170 4064 1326 4129 τῶν
1371 4061 1916 4148 ἐμμανέστατα
1963 4057 2328 4147 ἐρώντων
2384 4062 2622 4128 τθίθΠίίῑ

324 4171 464 4255 ipse
517 4168 905 4236 Plussarchus
959 4192 1020 4254 p.
1070 4169 1199 4235 745
1225 4169 1278 4235 f:
1332 4163 1374 4253 ἡ
1432 4165 1508 4234 δὲ
1564 4163 1654 4232 δι’
1716 4163 2007 4253 εὐφυΐαν
2062 4164 2455 4234 αἰσθάνεται
2507 4167 2621 4235 καὶ

325 4271 732 4362 μνημονεύει
776 4273 886 4341 καὶ
931 4276 1068 4342 τῶν
1114 4271 1728 4360 ἐμμανεστάτων
1774 4274 2086 4359 ἐρώτων
2132 4269 2335 4340 οὐδὲν
2383 4268 2625 4342 ἀποδεῖ

324 4380 398 4449 τὸ
436 4381 658 4461 πάθος
695 4377 922 4469 αὐτῆς,
959 4383 1072 4449 ubi
1108 4383 1245 4448 τῶν
1275 4380 1726 4468 ἐμμανέστατα
1755 4377 2068 4466 ἐρώντων
2102 4382 2393 4467 inepizum
2431 4388 2618 4449 essess.

506 4527 588 4539 ·—-
642 4492 722 4556 18
817 4484 854 4555 6
920 4487 996 4556 δὲ
1047 4485 1334 4576 ’Ἄρατος
1395 4490 1491 4554 ἔτι
1555 4485 1680 4574 μὲν
1723 4486 1835 4554 καὶ
1892 4483 2333 4576 Ἀλεξάνδρου
2379 4491 2622 4569 ζῶντος

2119 4595 2194 4652 3*
