3200 5175
1245 350 1731 415 —111-

301 525 688 610 requirunt.
780 525 874 592 Ut
917 527 1087 592 enim
1136 528 1248 592 alii
1291 526 1611 592 Venerem
1660 528 2250 614 concupiscentiam
2296 549 2465 614 esse,
2509 528 2629 594 Mi-

302 654 600 697 nervam
665 634 1054 718 sapientiam
1101 637 1218 699 etc.
1265 634 1592 720 dicebant,
1645 636 1743 700 ita
1788 638 1855 700 et
1898 633 2303 720 Chrysippus
2350 635 2629 701 Martem

303 733 610 825 (”Αρην)
657 743 1094 809 contentionem
1137 764 1278 807 esse
1327 742 1562 809 dixisse
1609 741 1877 808 videtur.
1943 741 2144 808 Scrib.
2181 742 2409 829 igitur:
2457 745 2629 828 ἔριν

303 842 444 929 γὰρ
497 842 688 913 εἶναι
723 844 848 913 τὸν
870 844 1085 934 ’Ἄρην
1121 850 1350 935 φησίν.
1415 846 1512 914 Of.
1542 871 1594 915 c.
1628 850 1739 914 14:
1782 847 1861 931 τὶ,
1886 837 2034 933 οὖν,
2080 852 2233 933 ἔφη,
2276 846 2398 914 τὸν
2414 845 2627 935 ’Ἄρην

302 948 493 1019 θεὸν
566 950 745 1023 εἶναι
791 957 1078 1040 νομίζεις
1133 948 1176 1039 ἢ
1230 951 1492 1033 πάθος
1535 951 1875 1042 ἡμέτερον.
1965 955 2215 1021 Vitium
2260 978 2388 1040 quo
2436 956 2627 1021 modo

305 1064 544 1125 ortum
596 1062 849 1147 fuisset,
893 1085 1090 1147 supra
1134 1063 1283 1128 dixi.

513 1222 599 1233 -
642 1186 720 1270 X,
764 1188 795 1251 1
837 1186 925 1273 (Ρ.
959 1184 1191 1275 715a):
1235 1189 1372 1253 τῶν
1419 1184 1482 1253 δ’
1535 1186 1862 1254 ἐναντίων
1906 1184 2295 1271 ἀκουστέον,
2341 1194 2410 1253 εἴ
2443 1212 2543 1265 τις
2585 1180 2628 1271 ἢ

306 1290 476 1368 νέος
514 1292 1064 1378 προσέστηκεν
1091 1288 1140 1379 ἢ
1161 1292 1621 1381 πρεσβύτερος.
1686 1296 2089 1381 DuebneruS,
2114 1295 2629 1379 wyttenbachio

307 1402 706 1483 praeeunte,
753 1401 1014 1486 scripsit
1058 1402 1490 1488 προέστηκε
1543 1406 1613 1467 et
1655 1404 1875 1468 vertit:
1932 1402 2011 1467 ‘si
2056 1403 2199 1487 quis
2244 1404 2633 1486 processerit

311 1505 458 1570 sive
507 1507 842 1571 iuniorum
887 1508 1021 1572 sive
1069 1508 1436 1592 seniorum',
1481 1530 1647 1593 quae
1682 1510 1909 1594 inepta
1945 1512 2109 1573 sunt.
2182 1505 2631 1593 Προσέστη-

311 1610 462 1677 κεν
492 1612 674 1678 idem
713 1616 889 1679 valet
924 1636 1000 1680 ac
1026 1612 1582 1700 προσκέκρουκεν,
1621 1614 2062 1698 ἐναντιοῦται,
2100 1614 2271 1699 quod
2310 1616 2632 1680 sententia

315 1720 630 1804 requirit.
705 1718 1018 1786 Similiter
1053 1721 1218 1787 Plat.
1253 1721 1420 1786 Phil.
1458 1744 1518 1807 p.
1545 1724 1631 1787 41
1647 1724 1714 1788 b:
1764 1718 2281 1808 προσισταίμεθα
2324 1718 2631 1807 καθάπερ

311 1819 630 1911 ἀθληταὶ
682 1822 848 1911 πρὸς
899 1828 1144 1894 τοῦτον
1197 1823 1320 1893 τὸν
1365 1824 1594 1913 λόγον.
1684 1830 2022 1895 Demosth.
2047 1852 2129 1913 Ρ.
2181 1829 2372 1911 1393,
2422 1829 2532 1893 16:
2587 1822 2629 1912 ἡ

315 1934 468 1998 τῶν
515 1929 745 2017 λόγων
786 1932 1002 2001 πειθὼ
1055 1972 1130 1983 -
1181 1936 1512 2020 προσέστη
1558 1949 1699 2014 τοῖς
1744 1932 2085 2004 ἀκούουσι.
2178 1934 2274 2003 Of.
2318 1960 2380 2022 p.
2418 1937 2548 2001 629
2580 1958 2632 2001 e.

317 2041 462 2105 633
478 2063 540 2105 a.
579 2044 646 2104 et
680 2040 812 2107 520
823 2064 881 2127 a,
923 2042 1037 2106 ubi
1081 2063 1228 2106 cum
1264 2042 1701 2109 Herwerdeno
1750 2044 2155 2110 scribendum
2199 2047 2386 2128 puto:
2430 2059 2631 2127 προσ-

319 2152 551 2232 σταίη.

509 2254 655 2320 Lib.
684 2254 867 2340 VIII,
894 2254 1012 2339 III,
1039 2256 1080 2320 3
1111 2252 1199 2340 (p.
1231 2254 1471 2343 721d):
1518 2258 1596 2321 αἱ
1634 2253 1758 2341 μὲν
1800 2257 2062 2342 πρῶταί
2093 2273 2219 2321 σου
2264 2256 2399 2322 τῶν
2450 2251 2631 2321 ὑπο-

317 2360 684 2443 θέσεων,
739 2362 937 2445 ἔφην,
983 2398 1102 2444 -,
1147 2359 1324 2446 περὶ
1381 2358 1580 2428 πολὺ
1626 2358 1699 2428 τὸ
1746 2359 1949 2429 κενὸν
1994 2366 2292 2448 ἔχουσαι,
2356 2362 2637 2447 μενέτω-

319 2483 488 2532 σαν·
554 2466 633 2553 τῇ
700 2462 776 2531 δὲ
840 2468 1036 2554 φωνῇ
1098 2464 1174 2533 τὸ
1230 2464 1430 2535 κενόν
1489 2464 1613 2533 οὐκ
1667 2463 1892 2553 ὀρθῶς
1942 2506 2017 2517 --
2068 2464 2631 2535 ὑποτίθεσθαι.

319 2572 458 2641 Pro
519 2571 696 2657 περὶ
750 2570 949 2640 πολύ
994 2575 1298 2642 Reiskius
1355 2576 1655 2642 coniecit:
1710 2577 2052 2663 περίπολυ.
2115 2576 2340 2663 Wytt:
2394 2579 2631 2662 καίπερ

321 2679 526 2748 πολύ.
615 2681 868 2746 Deinde
921 2705 1040 2767 pro
1085 2677 1536 2749 ὑποτύθεσθαι
1581 2684 1925 2770 legendum
1971 2688 2268 2749 monent:
2322 2679 2633 2748 ὑποτίθε-

327 2807 449 2854 σαι
520 2790 624 2854 vel
679 2783 1072 2856 ὑποτὺθεται
1124 2790 1230 2854 vel
1280 2785 1711 2856 ὑποτύθεσθε.
1793 2794 2191 2875 postremum
2251 2789 2632 2856 Duebnerus

324 2896 596 2982 recepit.
668 2894 796 2962 Pro
842 2895 1020 2982 περὶ
1063 2892 1266 2960 πολύ
1303 2897 1492 2962 scrib.
1530 2900 1717 2981 puto:
1763 2891 2122 2982 ὑπέρπολυ.
2188 2895 2387 2962 Simil.
2425 2921 2487 2981 p.
2515 2897 2631 2963 4f:

288 2998 424 3081 ·ὦς
479 2997 824 3086 ὑπέρπολυ
879 2998 955 3068 τὸ
1003 3009 1263 3087 αἴτημα.
1353 3002 1718 3070 Infinitivus
1781 2999 2235 3070 ὑποτίθεσθαι
2279 3026 2410 3070 non
2456 3005 2633 3070 solli-

330 3110 660 3193 citandus3
724 3110 1104 3176 subauditur
1182 3111 1353 3176 enim
1422 3114 1653 3195 ἔλεγον
1714 3113 1816 3177 vel
1883 3113 2091 3178 simile
2148 3113 2417 3200 aliquid,
2481 3113 2522 3176 i.
2579 3134 2632 3176 e.

331 3219 569 3301 ἔλεγον
613 3212 716 3282 ὅτι
760 3212 836 3282 τὸ
882 3213 1084 3284 κενὸν
1131 3211 1254 3284 οὐκ
1300 3213 1526 3303 ὀρθῶς
1577 3257 1653 3266 -
1702 3215 2113 3285 ὑποτὺθεται.

520 3340 717 3427 —VI,
736 3341 780 3406 4
799 3338 888 3427 (p.
906 3343 1033 3407 726
1045 3339 1140 3428 a):
1159 3341 1270 3407 καὶ
1289 3339 1588 3408 πιθανὸν
1610 3338 1828 3407 ἐδόκει
1848 3338 1959 3406 διὰ
1978 3338 2099 3427 τὴν
2126 3339 2422 3426 ἑωθινὴν
2442 3338 2628 3427 ὥραν

335 3479 667 3570 ἄριστον
722 3476 1149 3568 ὠνομάσθαι,
1204 3481 1510 3569 καθάπερ
1565 3479 1640 3550 τὸ
1691 3486 2021 3550 ΑΥΡΙΟΝ.
2112 3483 2212 3549 De
2264 3485 2439 3549 vocis
2497 3479 2631 3548 αὔ-

335 3613 518 3677 ριον
555 3591 920 3675 corruptela
957 3613 1178 3656 omnes
1217 3593 1651 3678 consentiunt,
1698 3592 1811 3657 sed
1850 3592 2003 3676 quid
2037 3591 2505 3658 restituendum
2545 3592 2633 3655 sit

336 3719 474 3764 non
525 3699 884 3764 inveniunt.
973 3698 1450 3765 Kaltwasserus
1507 3700 1872 3785 suspicatus
1929 3703 2054 3766 est:
2116 3693 2501 3784 αὕριστον
2547 3697 2630 3762 ab

339 3800 536 3892 αὔρα,
583 3805 754 3890 quod
799 3828 936 3872 non
985 3829 1114 3873 uno
1160 3807 1424 3872 nomine
1469 3807 1759 3892 ineptum
1800 3809 1915 3872 est.
1988 3805 2409 3872 Scribendum
2446 3809 2631 3889 puto:

338 3927 643 4015 καθάπερ
707 3926 782 3994 τὸ
839 3907 1216 4018 ΔὸΡΠΟΝ,
1286 3955 1412 4018 quo
1469 3936 1536 3998 et
1579 3953 1765 3998 coma
1818 3934 1885 3998 et
1938 3937 2173 4014 tempus
2224 3932 2631 4012 vesperam

342 4037 760 4122 significatur.
853 4034 1179 4122 Δόρπον
1240 4062 1317 4104 ex
1373 4040 1500 4105 hac
1553 4039 1752 4104 ferme
1814 4039 2155 4122 scriptura:
2220 4038 2509 4104 ΛΟΡΙΟΝ
2560 4037 2631 4102 in

341 4138 583 4230 αὔριον
629 4144 1048 4227 depravatum
1091 4146 1290 4210 fuisse
1336 4145 1607 4210 videtur.
1682 4145 1759 4210 cf.
1804 4141 2026 4229 τρυφή
2038 4167 2053 4207 :
2108 4141 2343 4230 τροφή.
2397 4140 2631 4222 τύποςε

339 4249 552 4328 τόπος.
599 4247 897 4336 δρυμόςε
929 4248 1193 4336 δρόμος.
1239 4252 1408 4328 ναῦς
1435 4275 1450 4316 :
1477 4248 1673 4333 ναός,
1720 4273 1883 4336 quae
1928 4251 2000 4315 in
2042 4250 2405 4316 minuscula
2450 4273 2627 4334 prae·

341 4356 526 4441 cipue
573 4345 896 4441 scriptura
940 4358 1316 4443 saepissime
1359 4361 1831 4443 permutantur.

517 4520 604 4530 —
658 4481 815 4568 VH,
867 4485 912 4549 4
967 4481 1057 4570 (p.
1114 4483 1150 4548 7
1157 4483 1240 4549 28
1271 4480 1334 4569 c)
1400 4482 1805 4548 scribendum
1868 4486 2054 4567 puto:
2122 4475 2157 4548 ὁ
2227 4478 2303 4547 δὲ
2364 4476 2633 4560 Σύλλας
