3200 5175
1199 337 1641 386 -vn-—

271 522 512 587 paucos
557 500 799 568 notavi.
874 497 1000 568 Sed
1046 521 1126 565 ex
1169 499 1300 565 illis
1348 519 1602 584 quoque
1648 519 1757 564 eos
1803 500 2059 564 tantum
2104 497 2421 586 corrigere
2461 497 2558 563 in-

271 609 474 694 stitui,
521 631 682 694 quos
719 609 956 674 iterum
998 607 1361 690 iterumque
1397 606 1600 672 lectos
1642 625 2021 689 persuasum
2056 605 2219 670 mihi
2262 605 2389 671 fuit
2424 626 2559 672 non

269 715 812 802 interpretatione
858 714 970 780 sed
1015 714 1463 780 emendatione
1505 712 1814 800 indigere.
1906 712 2003 778 De
2048 712 2131 778 iis
2170 715 2403 798 autem,
2447 713 2559 798 qui

271 822 596 908 desperati
642 822 1069 906 appellantur,
1112 820 1270 888 locis
1315 841 1526 886 meam
1571 820 1769 886 etiam
1810 820 2183 905 opinionem
2225 819 2445 904 adieci,
2481 823 2558 885 ut

273 929 418 994 aliis
463 929 767 994 nimirum
814 928 1214 994 occasionem
1259 927 1584 1013 quandam
1632 927 1715 992 ad
1759 927 1988 996 melius
2035 926 2189 1013 quid
2232 927 2554 1012 reperien-

274 1035 430 1102 dum
471 1036 874 1121 praeberem3
920 1034 1312 1119 omninoque
1358 1033 1470 1099 ubi
1514 1034 1657 1118 ipse
1704 1033 1781 1100 de
1826 1055 1972 1098 mea
2017 1033 2325 1119 opinione
2371 1033 2552 1099 dubi-

272 1142 516 1224 tabam,
563 1140 896 1224 scrupulos
941 1161 1118 1206 meos
1155 1140 1422 1206 minime
1467 1141 1687 1206 celavi.
1758 1140 1971 1206 Facile
2014 1142 2117 1206 vel
2158 1140 2378 1226 potius
2422 1161 2556 1206 non

269 1247 440 1312 tanti
495 1250 598 1311 est
648 1246 862 1312 locum
909 1247 1208 1333 quamvis
1258 1247 1588 1314 difficilem
1645 1250 1711 1312 et
1764 1247 2185 1333 depravatum
2198 1298 2215 1331 ,
2269 1249 2339 1312 at
2390 1267 2554 1312 non-

269 1352 422 1417 dum
467 1353 552 1418 ab
589 1352 736 1418 aliis
773 1353 1016 1419 criticis
1051 1357 1406 1420 tractatum
1441 1375 1689 1420 sanare.
1760 1353 1932 1419 Eum
1968 1357 2205 1440 tamen,
2241 1354 2371 1438 qui,
2406 1375 2553 1420 cum

267 1459 460 1524 multi
505 1460 607 1532 sui
644 1461 914 1545 quisque
960 1461 1196 1546 scalpri
1232 1463 1437 1529 aciem
1482 1461 1905 1546 admoverint,
1947 1461 2155 1526 nihilo
2200 1461 2413 1526 minus
2460 1483 2553 1526 re-

267 1566 442 1632 sistit
486 1569 552 1632 et
597 1569 940 1651 corruptus
987 1567 1222 1653 evadit,
1271 1567 1588 1634 eiusmodi
1645 1568 1859 1634 locum
1904 1571 2079 1633 certa
2122 1570 2373 1634 ratione
2420 1588 2555 1633 cor-

265 1673 478 1757 rigere
502 1675 583 1737 *et
625 1673 696 1736 in
739 1673 1082 1759 pristinam
1118 1673 1398 1739 formam
1434 1673 1745 1759 redigere,
1778 1695 1987 1760 neque
2034 1695 2189 1738 sane
2224 1673 2553 1758 perfacilis

264 1799 370 1841 res
418 1781 517 1844 est
557 1799 766 1863 neque
811 1779 1093 1845 cuiusvis
1141 1779 1540 1846 correctoris,
1632 1778 1936 1846 Ceterum
1982 1782 2365 1865 argumenta
2410 1801 2555 1846 mea

263 1905 457 1968 quam
503 1885 882 1951 brevissime
927 1885 1220 1973 exposui3
1269 1887 1486 1970 opinio
1533 1886 1707 1952 enim
1752 1885 1915 1950 mihi
1960 1885 2393 1971 confirmatur,
2438 1895 2549 1950 ne—

260 2012 384 2074 que
429 2012 650 2056 veram
691 2013 900 2076 neque
937 1991 1170 2058 falsam
1211 1992 1727 2058 emendationem
1762 1993 1987 2058 multis
2033 1992 2245 2058 verbis
2282 2013 2553 2079 magno-

257 2119 410 2182 pere
447 2097 882 2164 commendari
927 2120 1132 2182 posse.
1204 2097 1450 2165 Contra
1489 2099 1805 2166 lectiones
1842 2099 2129 2165 diversas
2168 2103 2235 2166 et
2276 2100 2551 2165 aliorum

259 2203 762 2288 emendationes,
810 2205 1030 2271 omnia
1074 2205 1364 2291 denique,
1410 2206 1643 2290 quibus
1689 2228 1793 2271 res
1840 2209 2253 2272 controversa
2308 2205 2553 2291 optime

261 2311 744 2396 diiudicaretur‚
823 2311 936 2376 ubi
1013 2312 1445 2378 necessarium
1533 2317 1675 2378 erat
1750 2333 2249 2378 commemorare
2322 2311 2552 2397 religio

259 2417 421 2482 mihi
467 2418 608 2484 fuit.

438 2522 508 2590 Si
552 2545 706 2593 vero
748 2546 885 2591 non
927 2546 1076 2592 raro
1121 2524 1381 2610 accidit,
1433 2528 1508 2591 ut
1553 2525 1751 2591 etiam
1804 2523 2177 2591 criticorum
2220 2524 2546 2609 principes

259 2652 422 2697 sana
465 2630 836 2712 sollicitent,
883 2634 966 2717 et,
1011 2636 1086 2697 ut
1125 2632 1222 2697 ita
1266 2631 1506 2718 dicam,
1557 2630 1625 2698 N
1626 2633 1883 2698 ebulam
1936 2654 2057 2718 pro
2112 2630 2361 2699 Iunone
2415 2653 2549 2697 am-

258 2738 644 2823 plectantur,
677 2759 814 2804 non
849 2736 1220 2803 mirandum
1257 2760 1431 2824 sane,
1465 2739 1638 2824 quod
1674 2739 1743 2805 in
1778 2739 2100 2805 iuniorum
2136 2738 2549 2823 potissimum

259 2844 589 2909 cerebellis
636 2864 712 2909 ea
754 2844 1108 2929 pariantur,
1155 2865 1318 2929 quae
1363 2844 1494 2910 nisi
1539 2866 1621 2909 ex
1667 2844 2030 2929 corrigendi
2072 2845 2353 2931 quodam
2398 2866 2547 2928 pru-

257 2949 387 3015 ritu
434 2951 742 3036 explicari
785 2972 920 3018 non
965 2951 1242 3035 possint.
1325 2950 1511 3028 Quod
1553 2952 1727 3017 enim
1771 2954 1997 3037 poetas
2046 2951 2173 3019 dici
2219 2952 2385 3017 solet
2430 2973 2549 3017 sua

259 3078 458 3140 opera
499 3060 837 3143 tamquam
881 3057 1124 3123 liberos
1169 3079 1405 3143 amare,
1440 3058 1613 3124 idem
1659 3058 1857 3125 etiam
1900 3059 1971 3123 in
2007 3058 2267 3125 crificos
2306 3056 2547 3123 dictum

256 3165 528 3246 oportet.
618 3162 862 3229 Verum
924 3168 1145 3229 tamen
1208 3164 1334 3230 hac
1405 3164 1550 3250 ipsa
1622 3164 1701 3229 de
1765 3186 1963 3233 causa
2032 3165 2192 3229 satis
2256 3166 2545 3230 attentus

255 3291 445 3335 nemo
507 3291 646 3335 esse
698 3274 920 3354 potest
968 3293 1174 3357 neque
1228 3274 1468 3356 minus,
1529 3293 1615 3337 ne
1673 3272 1755 3337 ad
1812 3294 2076 3338 suorum
2136 3272 2545 3337 inventorum

256 3376 416 3441 vitia
460 3398 688 3444 caecus
733 3379 866 3464 flat,
912 3380 1166 3445 cavebit
1209 3402 1402 3465 quam
1446 3384 1665 3464 patres
1702 3402 1787 3445 ne
1832 3378 1965 3445 suis
2002 3378 2225 3443 liberis
2270 3376 2543 3443 nimium

255 3482 665 3569 indulgeant,
719 3485 831 3550 sed
895 3506 1014 3551 sua
1077 3490 1146 3552 et
1209 3486 1422 3552 aliena
1485 3487 1567 3551 ad
1624 3486 1891 3551 eandem
1954 3506 2137 3549 norm
2146 3506 2252 3548 am
2315 3483 2583 3568 exiget..

261 3592 559 3654 Φιλεῖται
606 3591 780 3655 enim
837 3590 974 3656 τῶν
1029 3592 1226 3657 ἰδίων
1281 3586 1484 3657 οὐδὲν
1540 3586 1753 3668 οὕτως
1806 3585 1899 3667 ὡς
1952 3586 2119 3669 δόξα
2168 3588 2282 3655 καὶ
2345 3586 2547 3673 λόγος

252 3689 384 3760 ὑπὸ
445 3696 568 3761 τοῦ
624 3692 952 3773 τεκόντος.
1033 3695 1192 3773 Quis
1254 3697 1512 3763 criticus
1577 3697 1846 3783 gloriari
1888 3700 2131 3782 potest,
2186 3718 2543 3782 numquam

257 3802 383 3867 sibi
447 3802 782 3887 accidisse,
847 3806 922 3867 ut
983 3804 1368 3869 correctioni
1435 3804 1683 3869 alienae
1748 3804 1859 3869 sed
1933 3803 2141 3872 bonae
2210 3803 2543 3888 propriam

259 3908 550 3992 quamvis
596 3908 900 3976 vitiosam
944 3910 1418 3995 praeponeret?
1498 3908 1626 3986 Qui
1671 3913 1917 3994 autem,
1967 3912 2041 3973 ut
2094 3930 2239 3974 mea
2285 3907 2543 3994 quidem

256 4014 578 4080 sententia
620 4014 766 4099 fert,
811 4036 960 4081 suas
1009 4015 1489 4081 emendationes
1536 4014 1761 4083 eodem
1800 4016 2016 4081 animo
2064 4018 2255 4099 atque
2294 4014 2539 4081 alienas

231 4120 536 4213 ‚iudicare
578 4123 890 4207 potuerit,
944 4122 1055 4206 qui
1100 4144 1322 4188 verum
1375 4122 1630 4189 aefalso
1687 4125 1863 4188 certa
1915 4122 2165 4187 ratione
2212 4141 2539 4188 secernere

256 4227 680 4311 consueverit,
713 4227 824 4311 qui
869 4225 1118 4293 ardenti
1154 4228 1435 4313 quodam
1471 4228 1765 4294 veritatis
1800 4225 2287 4312 investigandae
2325 4226 2537 4307 studio

255 4333 697 4418 excandescat,
753 4332 1026 4417 denique
1094 4334 1201 4417 qui
1255 4334 1326 4399 in
1389 4355 1528 4399 sese
1589 4335 1731 4419 ipse
1791 4332 2136 4401 descendat
2190 4337 2255 4399 et
2319 4333 2535 4418 aliquo

255 4438 446 4505 modo
493 4461 560 4505 se
606 4440 744 4523 ipse
788 4438 1137 4525 perspiciat
1181 4444 1373 4525 atque
1411 4440 1881 4506 studiosissime
1913 4439 2073 4505 illud
2119 4438 2334 4523 γνῶθι
2380 4456 2535 4505 σαυ-
