3200 5175
1299 298 1778 364 -105-

355 468 554 562 λόγῳ
616 474 732 559 τῆς
790 470 1167 551 εὐπειθείας
1209 473 1320 540 καὶ
1365 470 1488 560 τὴν
1537 477 1760 541 αἰτίαν
1804 473 2135 566 προδήλῳ
2178 477 2279 567 τῷ
2326 472 2500 543 εἶναι
2546 500 2679 544 πει-

354 575 658 664 θούσης.
750 580 960 665 Wytt.
1018 583 1322 648 correxit:
1386 584 1845 667 φιλοσοφῆσαι
1907 578 1989 648 τὰ
2044 582 2195 668 περὶ
2249 584 2385 650 τῶν
2445 583 2679 651 ὕδνων

355 679 660 771 ἆμφισβ.
717 683 1008 771 ἐχόντων
1063 686 1190 773 τὴν
1233 687 1514 773 γένεσιν.
1600 683 1715 755 Ἐν
1762 686 1836 756 δὲ
1880 686 2145 768 τούτοις
2190 685 2370 779 ὁρᾷς,
2415 686 2677 757 ὑποκει-

355 790 586 878 μένης
655 793 746 883 τῷ
819 791 997 883 λόγῳ
1060 796 1176 880 τῆς
1239 791 1656 881 εὐπρεπείας,
1730 795 1840 862 καὶ
1904 791 2028 881 τὴν
2100 798 2353 882 αἰτίαν,
2418 799 2511 887 τῷ
2587 796 2676 884 μὴ

353 896 725 985 πρόδηλον
783 897 988 986 εἶναι,
1053 906 1448 969 πείθουσαν.
1536 902 1631 969 Ut
1682 905 1753 969 in
1804 904 1949 969 loco
2007 905 2345 989 desperato
2402 906 2677 972 conicio:

355 1008 840 1093 φιλοσοφῆσαι
884 1004 968 1073 τὰ
1015 1007 1164 1095 περὶ
1208 1010 1346 1074 τῶν
1389 1005 1625 1075 ὕδνων
1670 1004 2025 1095 ἄμφισβητ.
2073 1006 2367 1095 ἐχόντων
2408 1006 2533 1095 τὴν
2577 1008 2676 1094 γε’-

356 1112 594 1198 νεσιν,
632 1109 724 1191 ὥς
757 1113 898 1197 ἕ[δ]
913 1139 1034 1198 ρας
1069 1114 1142 1180 ἐν
1181 1111 1444 1193 τούτοις
1478 1111 1919 1202 ὑποκειμένης
1950 1117 2043 1207 τῷ
2083 1112 2261 1205 λόγῳ
2296 1119 2413 1203 τῆς
2441 1112 2677 1183 εὐπα-

355 1224 640 1307 θείας,
685 1220 798 1287 nal
839 1218 966 1306 τὴν
1013 1224 1234 1287 αἰτίαν
1268 1219 1613 1308 πρόδηλόν
1648 1245 1812 1300 πως
1847 1218 2021 1288 εἶναι
2056 1220 2498 1307 πειθούσης
2536 1221 2678 1310 (aut

358 1324 758 1414 ποθούσης)
805 1330 845 1393 i.
893 1352 944 1393 e.
991 1322 1032 1411 ’ὶῖ
1078 1332 1300 1395 πείθει
1347 1323 1450 1395 ὅτι
1495 1328 1607 1396 καὶ
1652 1325 1693 1415 ἡ
1742 1332 1921 1395 αἰτία
1964 1326 2304 1415 πρόδηλός
2347 1326 2487 1407 πως
2520 1329 2677 1396 ἐστι.

565 1471 640 1483 —-
682 1435 769 1520 II,
813 1438 856 1501 4
903 1434 993 1522 (p.
1031 1437 1278 1521 666b):
1325 1433 1663 1521 πρόσλαβε
1710 1434 1783 1503 δὲ
1826 1434 2112 1519 τούτοις,
2159 1439 2354 1520 ἔφην,
2402 1438 2513 1501 ἔτι
2559 1461 2677 1520 μι-

362 1536 580 1626 κρὰν
645 1541 954 1627 ἔκπληξιν
1018 1539 1184 1628 πρὸς
1235 1539 1314 1608 τὰ
1367 1544 1662 1609 τοιαῦτα.
1753 1542 1879 1609 Pro
1947 1545 2059 1607 ἔτι
2124 1539 2416 1627 μικράν
2470 1540 2679 1627 Wytt.

367 1649 684 1715 coniecit:
759 1644 844 1715 οὐ
914 1648 1158 1735 μικράν
1225 1652 1327 1716 vel
1392 1648 1695 1735 ἰσχυράν.
1801 1649 2211 1717 Duebnerus:
2287 1652 2381 1715 ἔτι
2448 1645 2678 1734 ἄκραν.

363 1754 715 1822 Fortasse:
765 1752 909 1822 οὔτι
957 1755 1218 1842 μικράν.
1301 1758 1380 1822 cf.
1427 1781 1488 1842 p.
1537 1758 1667 1823 784
1696 1780 1755 1823 e:
1805 1752 1951 1822 οὔτι
1998 1756 2229 1846 μικρῷ.
2302 1758 2435 1823 420
2463 1780 2518 1839 a.

568 1898 644 1909 -—
676 1862 794 1946 III,
827 1866 859 1928 1
894 1861 984 1951 (p.
1014 1862 1242 1951 666f):
1280 1865 1353 1929 οί
1382 1862 1663 1950 κωμικοὶ
1689 1858 2249 1940 τούςπολυτελῶς
2279 1902 2362 1913 —-
2391 1865 2680 1949 γαμοῦν-

368 1992 498 2047 τας
533 1964 624 2046 ὥς
661 1963 744 2033 οὐ
779 1971 1065 2053 βεβαίως
1103 1964 1262 2035 οὐδὲ
1299 1970 1693 2057 θαρραλέως
1727 1967 2422 2036 ἐπισυνάπτουσιν.
2470 1970 2679 2056 Wytt.

375 2097 530 2141 cum
584 2076 810 2140 Amiot
863 2078 930 2139 et
982 2075 1139 2140 Mez.
1193 2077 1534 2161 legendum
1587 2080 1839 2143 monet:
1896 2071 1987 2154 ὥς
2032 2072 2115 2143 οὐ
2161 2080 2473 2161 βεβαίους
2520 2073 2681 2143 οὐδὲ

375 2178 805 2266 θαρραλέους
841 2178 1386 2247 ἐπισκώπτουσιν.
1467 2180 1907 2267 supplendum
1942 2182 2196 2248 videtur
2230 2185 2299 2248 in
2334 2183 2507 2250 hunc
2542 2208 2679 2251 mo-

377 2288 561 2353 dum:
625 2282 718 2364 εὸς
775 2282 860 2353 οὐ
916 2291 1055 2372 βεβ.
1116 2284 1278 2355 οὐδὲ
1333 2288 1726 2375 θαρραλέως
1780 2285 2469 2371 έπισυνάΠΠοντας
2524 2289 2680 2355 έπι-

381 2391 538 2461 σκω’
550 2395 913 2476 ΠΤ]ουσιν.
1002 2394 1106 2461 Ita
1151 2397 1473 2463 sententia
1519 2397 1830 2482 expletur.

425 2584 433 2592 Α
564 2538 647 2549 --
674 2501 788 2587 IV,
822 2504 853 2565 1
907 2503 1206 2568 emenda:
1252 2498 1706 2589 ἀφικνοῦνται
1750 2542 1825 2551 --
1867 2497 2165 2570 αὐτόΕΕ
2210 2502 2358 2591 (pro
2388 2500 2680 2594 αὐτόΘΙ).

568 2647 642 2657 -
685 2609 799 2696 IV,
845 2609 886 2674 2
937 2607 1026 2697 (p.
1066 2611 1194 2677 668
1225 2609 1320 2699 d):
1366 2605 1550 2678 ταῦτ’
1602 2607 1801 2678 εἶπεν
1832 2607 1869 2678 ὃ
1917 2609 2381 2696 Πολυκράτης·
2429 2609 2557 2696 ἐγὼ
2606 2611 2681 2678 δὲ

382 2713 847 2802 συμβάλλομαι
892 2715 1004 2782 καὶ
1050 2713 1134 2802 νὴ
1182 2721 1321 2782 Δία
1365 2730 1506 2796 τοῖς
1551 2714 2032 2804 ἰχθυοπώλοις
2077 2713 2206 2785 ἀπὸ
2250 2719 2389 2784 τῶν
2434 2716 2680 2804 μαρτύ-

383 2848 525 2908 ρων
587 2821 699 2889 καὶ
763 2823 881 2908 τῆς
935 2828 1319 2908 συνηθείας.
1406 2825 1561 2910 Loci
1617 2827 2014 2911 corruptelas
2072 2849 2296 2892 omnes
2352 2829 2465 2893 alii
2522 2828 2681 2892 alias

385 2931 798 2998 sustulerunt.
884 2929 1046 2996 Mez.
1092 2933 1456 2999 emendavit
1501 2935 1707 3018 ἔγωγε
1752 2956 1869 3018 pro
1918 2929 2045 3017 ἐγὼ
2096 2931 2187 3000 δέ.
2260 2934 2468 3019 Wytt.
2516 2928 2681 3020 ὑμῖν

387 3043 534 3104 aute
590 3039 710 3103 καί
759 3037 1171 3104 inserendum
1229 3041 1496 3106 monuit.
1586 3039 1952 3126 Madvigius
2008 3042 2125 3104 καί
2167 3044 2315 3104 ante
2361 3034 2524 3127 ὑμῖν
2573 3041 2681 3104 ad-

384 3145 562 3211 didit.
655 3143 858 3210 Totus
904 3146 1106 3230 igitur
1149 3147 1332 3213 locus
1380 3147 1472 3225 sic
1519 3150 1621 3211 est
1666 3145 2106 3230 refingendus:
2148 3141 2365 3228 ταῦτ’,
2412 3141 2594 3212 εἶπεν
2641 3142 2677 3212 ὁ

383 3248 826 3338 πολυκράτης,
885 3255 1086 3337 ἔγωγε
1148 3250 1611 3338 συμβάλλομαι
1670 3251 1781 3317 καὶ
1840 3247 2005 3336 ὑμῖν
2060 3251 2169 3316 καὶ
2226 3246 2309 3334 νὴ
2359 3255 2497 3315 Δία
2542 3263 2683 3328 τοῖς

389 3355 843 3444 ἰχθυοπώλαις
885 3357 976 3424 κὲ.
1067 3359 1271 3425 Paulo
1320 3363 1468 3424 ante
1517 3358 1718 3424 scrib:
1766 3355 1910 3436 ἕψει
1955 3380 2075 3441 pro
2126 3353 2285 3436 ἕψεῖ.

560 3503 643 3512 -
675 3464 789 3550 IV,
817 3467 857 3531 3
891 3462 978 3552 (p.
1015 3466 1143 3532 668
1166 3463 1255 3553 e):
1296 3454 1379 3531 οὗ
1417 3461 1504 3550 μὴ
1542 3461 1877 3550 παρόντος
1906 3459 2139 3549 ἄχαρις
2174 3466 2425 3548 γίνεται
2461 3459 2677 3548 τροφὴ

383 3573 560 3638 πᾶσα
595 3570 706 3637 καὶ
744 3563 1348 3659 δυσπρό[σοιστος].
1415 3569 1851 3637 Herwerdeno
1890 3572 2119 3656 iudice,
2160 3569 2416 3636 ‘lacuna
2453 3571 2679 3636 melius

383 3680 748 3764 explebitur
805 3681 1142 3746 scribendo
1202 3675 1827 3766 δυσπρόσ[δεκτος],
1889 3678 2040 3764 quia
2085 3678 2471 3744 Plutarchea
2528 3681 2683 3743 sunt

383 3786 699 3852 adiectiva
746 3780 1230 3872 εὐπρόσδεκτος
1277 3790 1342 3852 et
1388 3781 1924 3873 δυσπρόσδεκτος
1980 3786 2057 3852 de
2102 3784 2294 3851 rebus
2334 3787 2538 3868 θναίίε
2585 3787 2677 3848 at-

384 3914 507 3976 que
561 3894 844 3975 infiatis,
938 3890 1491 3980 Δυσπρόσοιστος
1553 3891 1891 3977 usurpavit
1943 3891 2303 3976 Aeschylus
2360 3891 2425 3955 vi
2485 3892 2680 3974 plane

382 3998 672 4064 diversa'.
762 3999 1183 4066 Herwerdeni
1249 4002 1628 4066 coniectura
1690 4003 1869 4064 recta
1924 4001 2117 4083 esset,
2183 3998 2238 4062 si
2293 3996 2679 4062 Plutarchus

381 4103 832 4191 προσδέχομαι
890 4103 1015 4190 τὴν
1072 4103 1366 4191 τροφήν,
1428 4111 1496 4170 at
1549 4127 1681 4171 non
1738 4103 2205 4191 προσφέρομαι
2248 4099 2373 4189 τὴν
2417 4099 2681 4189 τροφήν

385 4213 651 4297 diceret3
699 4213 809 4278 sed
847 4216 1068 4278 tamen
1105 4215 1334 4278 contra
1371 4216 1486 4290 est,
1533 4211 1615 4277 cf.
1651 4234 1713 4295 p.
1756 4212 1876 4277 101
1910 4233 1976 4275 a:
2020 4208 2303 4294 βρώσεις
2339 4205 2682 4294 ἀθέσμους

382 4317 844 4406 προσφέρεται.
915 4341 976 4404 p.
1029 4319 1154 4384 128
1184 4339 1237 4384 c.
1309 4318 1430 4383 131
1463 4340 1517 4383 e.
1588 4318 1804 4382 1321).
1871 4316 2001 4382 685
2027 4316 2086 4381 f:
2147 4313 2272 4381 τὸν
2330 4311 2539 4400 ἄρτον
2598 4353 2675 4366 -

385 4424 904 4512 προσφέρεσθαι.
997 4427 1213 4493 876b:
1277 4420 1540 4512 τροφὴν
1600 4424 1772 4509 γοῦν
1826 4419 2365 4510 προσφερόμεθα.
2420 4424 2679 4510 passim.
