3200 5175
1549 363 1637 375 -..
1728 327 1816 392 92
1908 365 1993 374 ...-

622 508 772 573 nius
818 511 884 572 et
928 506 1166 572 clarius
1213 507 1284 571 in
1327 506 1501 571 hunc
1547 505 1811 572 modum
1856 506 2215 590 expleatur:
2270 499 2438 591 πρὸς
2479 499 2603 570 τὸν
2648 500 2921 591 Θεόκρι-

622 674 766 733 τον,
805 649 1228 734 διέκρουσε
1263 646 1757 733 Γαλαξίδωρος·
1796 643 1993 732 ἐγγύς
2028 623 2171 731 γᾸΡ
2212 643 2416 733 [ἑώρα
2447 639 2757 733 ἌρχίΑΡ]
2806 647 2923 713 καὶ

621 757 1103 841 Λυσανορίδαν
1149 759 1283 820 κτλ.

798 880 1050 946 Ibidem
1089 884 1363 947 extrem:
1411 875 1800 964 ἐντυγχάνει
1840 875 1966 966 γὰρ
2007 873 2120 944 διὰ
2157 880 2535 966 Λεοντίδην
2579 879 2729 969 περὶ
2772 877 2925 967 Ἀμ-

622 987 875 1075 φιθέου
929 984 1459 1073 παραιτούμενος
1515 999 1740 1073 μεῖναι
1800 983 1875 1053 τὸ
1934 981 2429 1074 διαπράξασθαι
2484 984 2709 1073 φυγὴν
2766 984 2926 1055 ἀντὶ

622 1093 934 1162 θανάτου
978 1098 1068 1184 τῷ
1117 1091 1478 1183 ἀνθρώπῳ.
1561 1094 1863 1160 Reiskius
1921 1095 2221 1184 coniecit:
2281 1095 2538 1180 ἐντυγχ.
2592 1091 2719 1183 γὰρ
2778 1097 2928 1182 ἰδίᾳ

624 1203 952 1288 Λεοντίδῃ
1001 1240 1088 1248 --
1131 1197 1691 1286 παραιτούμενος,
1749 1195 1964 1286 οἶμαι,
2025 1198 2137 1267 καὶ
2194 1196 2587 1281 σπουδάζων
2642 1199 2927 1288 διαπρά-

624 1310 887 1389 ξασθαι.
961 1307 1307 1395 Wyttenb:
1365 1345 1437 1354 —-
1491 1309 1633 1395 ἰδίᾳ
1680 1309 2007 1394 Λεοντίδῃ
2059 1345 2137 1356 -
2186 1304 2721 1394 παραιτούμενος
2778 1311 2929 1375 δια-

621 1412 1039 1499 πράξασθαι,
1095 1416 1320 1481 deletis
1377 1415 1592 1480 verbis
1648 1424 1874 1499 μεῖναι
1936 1411 2042 1500 τό,
2102 1437 2265 1501 quae
2322 1415 2477 1501 quid
2532 1417 2657 1482 sibi
2711 1419 2933 1483 velint

627 1524 916 1609 intellegi
961 1523 1204 1608 nequit.
1278 1521 1568 1588 Conicio:
1615 1517 2181 1607 παραιτούμενοί,
2222 1519 2347 1609 [Ε]ί
2391 1519 2722 1590 δύναιτο
2778 1526 2930 1590 δια-

620 1626 1003 1717 πράξασθαι
1067 1634 1199 1696 κτλ.
1295 1627 1460 1695 Cum
1524 1632 1679 1714 post
1732 1630 1776 1694 C
1832 1627 2020 1693 litera
2077 1629 2120 1694 Ε
2184 1629 2556 1715 excidisset,
2615 1632 2929 1698 librarius

621 1741 835 1803 cetera
901 1739 1276 1804 ΙΛΕΙΝΑΙΤΟ
1346 1759 1464 1821 pro
1519 1745 1745 1820 μεῖναι
1798 1731 1875 1800 τό
1930 1735 2207 1820 accepit,
2269 1737 2329 1802 ΕΙ
2374 1767 2457 1790 =
2495 1739 2570 1802 Υ.
2663 1738 2742 1803 cf.
2792 1739 2927 1804 De-

623 1847 806 1908 metr.
852 1845 964 1909 49:
1011 1838 1447 1928 βουλόμενος,
1493 1844 1557 1908 εἰ
1600 1838 1879 1907 δύναιτο
1925 1843 2042 1926 τῆς
2090 1879 2168 1890 —-
2220 1837 2388 1908 ὁδοῦ
2442 1842 2774 1928 λαβέσθαι
2828 1843 2927 1910 ug.

799 1947 1003 2014 Paulo
1049 1953 1226 2034 post:
1273 1943 1440 2015 ἀλλὰ
1486 1943 1788 2033 μήνιμα
1834 1948 1957 2014 τοῦ
1992 1943 2212 2032 τάφου
2255 1946 2501 2016 τούτου
2537 1957 2927 2036 περιελθεῖν

620 2050 1124 2141 ἀνασχομένους
1169 2048 1636 2141 ὀρυττόμενον.
1710 2055 1817 2120 Ita
1861 2054 2061 2139 codd,
2105 2055 2234 2120 nisi
2281 2055 2452 2140 quod
2498 2052 2753 2142 μήνιμα
2798 2081 2923 2144 pro

619 2164 883 2248 μνῆμα,
931 2163 1250 2228 sententia
1295 2161 1641 2248 flagitante
1706 2165 1771 2227 et
1826 2161 2213 2247 quibusdam
2267 2161 2447 2227 codd.
2512 2165 2926 2231 consentien-

626 2270 821 2355 tibus,
864 2269 1143 2355 Xyland.
1195 2269 1539 2355 legendum
1595 2269 1867 2335 monuit.
1947 2267 2421 2336 Herwerdenus
2475 2271 2619 2335 coll.
2664 2269 2925 2338 Camill.

621 2399 672 2442 c.
724 2377 804 2443 13
852 2377 1166 2464 corrigitz'
1195 2381 1576 2462 περιελθεῖν
1632 2375 1838 2460 σφᾶς
1892 2370 2211 2460 ἀνασχομ.
2293 2375 2475 2441 Nihil
2533 2399 2725 2463 opus3
2769 2403 2927 2465 pro-

617 2506 857 2550 nomen
903 2477 1146 2560 αὐτούς
1191 2484 1383 2549 facile
1432 2483 1833 2548 subauditur.

795 2609 1044 2675 Ibidem
1093 2631 1140 2675 s,
1187 2609 1230 2673 f:
1286 2603 1412 2693 ἐγὼ
1461 2606 1572 2674 δέτ
1595 2609 1631 2647 *
1677 2605 1832 2693 μέν,
1880 2598 1931 2674 ὦ
1986 2606 2389 2693 Φειδόλαε,*
2444 2612 2697 2689 καλῶς
2744 2611 2924 2691 ἐξευ-

620 2715 851 2801 ρήσειν
899 2710 1146 2793 αὐτοὺς
1189 2718 1454 2799 νομίζω.
1536 2716 1867 2781 Reiskius:
1915 2711 2043 2799 ἐγὼ
2091 2712 2167 2781 δὲ
2201 2717 2491 2781 τοῦτον
2537 2716 2651 2803 (sc.
2690 2719 2923 2799 Dirces

618 2820 967 2909 tumulum)
1023 2819 1178 2907 μέν,
1235 2810 1287 2887 ὦ
1350 2825 1456 2907 Φ.,
1511 2821 1809 2906 χαλεπῶς
1864 2819 2261 2907 ἐξευρήσειν.
2353 2818 2624 2890 Accedit
2687 2825 2924 2912 Wytt„

618 2929 746 2993 nisi
793 2928 964 3012 quod
1009 2952 1128 3014 pro
1176 2929 1420 2996 τοῦτον
1466 2927 1590 3014 μέν
1638 2928 1889 2993 mavult
1941 2923 2063 2994 τὸν
2108 2925 2344 3012 τάφον.
2430 2929 2806 2998 Sententiae
2856 2938 2925 3000 et

620 3036 954 3100 literarum
1002 3036 1294 3121 vestigiis
1341 3036 1609 3120 propius
1657 3039 1782 3099 est:
1841 3028 1967 3119 ἐγώ
2017 3031 2091 3100 δὲ
2136 3030 2211 3101 τὸ
2263 3033 2573 3125 [ΜΝῆμα]
2625 3037 2817 3123 ΜέΝ,
2866 3030 2919 3105 ὦ

624 3138 970 3225 Φειδόλαε,
1017 3138 1419 3224 [δυσ]κόλως
1465 3140 1671 3228 ἐξευρ.

798 3266 866 3333 Ο.
899 3269 934 3332 7
975 3266 1064 3356 (p.
1095 3266 1300 3353 578f)
1341 3267 1750 3333 scribendum
1788 3271 1975 3352 puto:
2012 3268 2296 3352 βιβλίων
2333 3268 2577 3335 τινῶν
2610 3274 2917 3339 παλαιῶν

621 3398 740 3461 pro
785 3377 1067 3461 βιβλίων
1113 3374 1267 3439 τῶν
1312 3374 1639 3457 παλαιῶν,
1686 3374 1797 3440 ubi
1844 3374 2155 3439 articulus
2200 3375 2473 3441 vitiosus
2518 3378 2637 3441 est.

795 3498 863 3565 O.
910 3501 952 3564 9
999 3496 1087 3585 (p.
1135 3500 1265 3565 580
1295 3496 1384 3585 c):
1431 3494 1805 3583 φασμάτων
1860 3495 1935 3564 δὲ
1982 3496 2093 3564 καὶ
2149 3495 2392 3583 μύθων
2440 3499 2552 3566 καὶ
2599 3502 2920 3571 δεισιδαι-

617 3607 855 3690 μονίας
899 3601 1204 3673 ἀνάπλεω
1251 3608 1667 3691 φιλοσοφίαν
1712 3598 1841 3672 ἀπὸ
1884 3602 2309 3692 Πυθαγόρου
2353 3602 2921 3693 *Fundana-cloec,-

618 3708 1011 3797 δεξάμενος,
1077 3701 1153 3778 εὖ
1225 3708 1404 3796 μάλα
1485 3711 2023 3798 βεβακχευμένην
2106 3718 2416 3779 εἴθισεν
2482 3710 2747 3799 ’ὥσπερ
2834 3711 2917 3781 τὰ

615 3815 967 3906 πράγματα
1011 3820 1466 3885 πεπνῦσθαι
1512 3816 1624 3885 καὶ
1671 3815 1848 3909 λόγῳ
1895 3818 2183 3904 νήφοντι
2240 3832 2531 3905 μετεῖναι
2577 3817 2703 3907 τὴν
2758 3817 2917 3908 ἀλή-

615 3934 833 3995 θειαν.
917 3927 1016 3992 De
1071 3927 1199 3992 loci
1264 3927 1649 4013 corruptelis
1716 3950 1941 3993 omnes
2007 3928 2455 4013 consentiunt3
2520 3928 2632 3993 sed
2694 3930 2919 3994 omnia

614 4035 777 4101 vitia
830 4036 1108 4101 eximere
1171 4057 1306 4099 non
1369 4037 1737 4120 potuerunt.
1818 4032 1893 4099 Β.
1938 4033 2018 4100 Ε.
2075 4034 2260 4101 dant:
2326 4030 2547 4119 ὥσπερ
2608 4029 2775 4122 πρὸς
2832 4032 2915 4101 τὰ

615 4139 984 4227 πράγματα.
1072 4141 1376 4207 Reiskius
1439 4141 1522 4227 ad
1577 4142 1880 4207 lacunam
1936 4141 2317 4226 explendam
2380 4142 2545 4207 nihil
2606 4142 2739 4207 nisi
2802 4139 2916 4207 καὶ

617 4249 837 4316 deesse
868 4252 1102 4315 censet.
1166 4248 1510 4333 Wyttenb.
1549 4248 1851 4314 coniecit:
1892 4286 1975 4295 —
2014 4243 2454 4333 Πυθαγόρου,
2490 4241 2621 4315 ἀπὸ
2663 4244 2739 4313 δὲ
2770 4242 2916 4333 Ἐμ-

613 4354 1034 4440 πεδοκλέους,
1073 4360 1140 4421 et
1175 4356 1427 4422 deinde:
1479 4360 1745 4422 εἴθισεν
1790 4345 1885 4421 αὖ
1927 4353 2107 4441 περὶ
2151 4350 2238 4420 τὰ
2274 4351 2625 4443 πράγματα
2660 4354 2912 4421 πεπνῦ-

619 4469 784 4527 σθαι
837 4461 928 4529 mi.
982 4500 1055 4511 -—-
1120 4464 1490 4548 Antequam
1547 4463 1630 4528 ad
1684 4462 1810 4529 loci
1865 4463 2381 4529 emendationem
2436 4460 2916 4549 aggrediamur,
