3200 5175
1293 289 1727 356 —39-

361 468 531 534 nihil
575 468 747 553 quod
791 467 1089 553 intellegi
1133 472 1362 553 posset
1403 467 1681 553 reliquit.
1735 504 1811 514 -—
1851 467 2061 535 Locus
2108 491 2305 534 sanus
2351 471 2519 536 male
2558 473 2660 538 est

365 575 759 641 intellectus.
833 574 1074 641 Noster
1109 576 1285 641 enim
1323 576 1532 642 dicere
1571 597 1703 641 non
1737 575 1950 641 voluit
1984 599 2101 660 per
2138 575 2447 663 suffragia
2489 578 2657 646 fabis

363 683 500 749 lata
527 682 952 767 magistratus
981 681 1205 766 creari,
1235 683 1348 746 sed
1382 681 1642 767 proprie
1674 703 1791 766 per
1828 682 2139 768 suffragia
2174 683 2217 748 f.
2246 684 2287 750 1.
2314 685 2656 771 magistra-

359 790 538 854 tibus
585 786 967 875 (veteribus)
1018 789 1258 854 exitum
1305 788 1566 872 imponi.
1656 791 1842 865 Ταῖς
1894 783 2171 874 ἀρχαῖς
2222 790 2427 876 igitur
2485 792 2657 858 idem

359 896 536 960 valet
593 916 693 960 ac:
762 906 907 972 ταῖς
965 889 1419 980 ὑπαρχούσαις
1477 889 1748 981 ἀρχαῖς,
1800 896 1842 960 i.
1898 916 1950 962 e.
2012 907 2157 974 ταῖς
2218 891 2452 983 ἀρχαῖς
2512 909 2657 977 ταῖς

360 1007 688 1078 παλαιαῖς.

536 1107 642 1174 De
667 1106 1038 1174 audiendis
1067 1107 1298 1190 poetis
1329 1131 1379 1174 c.
1413 1109 1446 1174 1
1481 1110 1570 1193 (p.
1604 1110 1689 1174 14
1718 1106 1809 1197 e):
1844 1109 1981 1175 τῶν
2018 1108 2093 1175 ἐν
2129 1113 2498 1199 φιλοσοφίᾳ
2535 1115 2655 1176 λε-

357 1213 723 1299 γομένων
783 1215 857 1280 οἱ
905 1211 1170 1300 σφόδρα
1235 1213 1380 1281 νέοι
1441 1228 1583 1294 τοῖς
1646 1211 1737 1302 μὴ
1798 1217 2077 1282 δοκοῦσι
2131 1213 2523 1301 φιλοσόφως
2580 1255 2646 1266 -

355 1318 696 1406 ἄγεσθαι
740 1324 1052 1408 χαίρουσι
1098 1322 1373 1409 μᾶλλον.
1458 1322 1564 1388 Ita
1610 1324 1840 1408 optimi
1886 1325 1952 1388 et
1996 1324 2263 1408 plurimi
2310 1325 2507 1405 codd„
2552 1347 2648 1391 ce-

351 1427 478 1492 teri
542 1427 958 1512 λέγεσθαι,
1024 1452 1219 1515 quam
1284 1430 1627 1495 lectionem
1695 1431 2044 1515 genuinam
2100 1451 2242 1496 esse
2304 1431 2465 1496 mihi
2520 1453 2653 1497 non

353 1535 736 1619 persuadeo3
793 1538 1022 1602 contra
1064 1534 1308 1602 Noster
1368 1536 1715 1601 variandae
1754 1536 2065 1602 orationis
2111 1539 2184 1601 ut
2230 1539 2343 1622 qui
2379 1539 2656 1604 maxime

357 1640 684 1706 studiosus
726 1641 1005 1707 ·verbum
1049 1637 1338 1728 ἄγεσθαι
1388 1664 1730 1726 usurpasse
1784 1643 2056 1728 videtur,
2101 1646 2174 1707 ut
2218 1645 2653 1731 tautologiam

353 1747 626 1814 evitaret
663 1770 828 1833 quae
866 1753 1036 1815 esset
1080 1750 1150 1814 in
1186 1750 1429 1816 verbis:
1473 1750 1613 1815 τῶν
1658 1747 1733 1814 ἐν
1779 1752 2152 1838 φιλοσοφία
2197 1751 2651 1836 λεγομένων

351 1863 492 1931 τοῖς
535 1849 626 1940 μὴ
674 1891 762 1902 --
807 1854 1206 1940 λέγεσθαι.
1289 1854 1420 1922 Cur
1472 1855 1838 1940 librarium,
1886 1876 2031 1921 cum
2078 1855 2421 1943 λέγεσθαι,
2478 1858 2651 1944 quod

351 1960 434 2026 ad
479 1963 981 2048 intellegendum
1029 1964 1408 2030 facillimum
1468 1967 1594 2047 est,
1641 1963 1933 2049 legisset,
1986 1964 2056 2028 in
2110 1958 2397 2048 ἄγεσθαι
2406 2016 2424 2050 ,
2481 1966 2653 2050 quod

354 2069 710 2154 obscuriuS,
754 2070 1088 2136 refinxisse
1135 2071 1470 2136 credamus
1515 2069 1686 2134 nihil
1732 2072 1853 2135 est.

530 2175 612 2240 In
640 2176 879 2242 vicinia
908 2177 1316 2243 scribendum
1352 2172 1427 2242 τὸ
1465 2173 1797 2260 χρήσιμον
1841 2169 1952 2242 ἀπ’
2006 2171 2299 2260 αὐτῶν,
2345 2177 2386 2241 i.
2423 2198 2476 2242 e.
2512 2179 2651 2243 τῶν

351 2276 745 2368 ἀκροάσεων
788 2282 900 2349 καὶ
945 2277 1428 2367 ἀναγνώσεων,
1473 2304 1593 2366 pro
1646 2277 1765 2347 ἀπ’
1816 2276 2093 2366 αὐτοῦ,
2141 2283 2314 2368 quod
2351 2305 2485 2348 non
2522 2285 2649 2349 nisi

353 2389 434 2455 ad
479 2387 789 2475 τέρποντι
834 2391 1060 2456 referri
1105 2393 1340 2474 potest.
1421 2387 1625 2454 Nulla
1670 2388 1843 2454 enim
1884 2387 2226 2473 dubitatiO,
2272 2390 2431 2474 quin
2472 2391 2650 2455 iuve-

349 2519 468 2562 nes
514 2500 922 2582 moneantur,
967 2500 1044 2562 ut
1087 2497 1274 2562 utilia
1311 2500 1376 2561 et
1423 2495 1715 2561 salubria
1757 2517 1890 2561 non
1928 2516 2006 2559 ex
2053 2494 2499 2582 delectatione,
2540 2497 2651 2562 sed

353 2627 433 2669 ex
479 2605 868 2671 lectionibus
916 2609 983 2670 et
1027 2604 1466 2671 auditionibus
1515 2607 1795 2688 captent.

527 2711 596 2779 C.
653 2714 698 2777 4
755 2711 846 2799 (p.
892 2713 978 2778 20
1017 2711 1112 2800 e):
1167 2707 1292 2778 ὅσα
1354 2705 1416 2777 δ’
1483 2717 1740 2797 εἴρηται
1786 2706 1910 2795 μὲν
1970 2704 2260 2794 ἀτόπως,
2316 2706 2526 2789 εὐθὺς
2581 2706 2646 2777 δ’

352 2814 437 2883 οὐ
481 2816 780 2902 λέλυται,
824 2820 1031 2883 ταῦτα
1080 2819 1187 2882 δεῖ
1233 2828 1376 2894 τοῖς
1420 2812 1752 2901 ἀλλαχόθι
1810 2812 1977 2902 πρὸς
2031 2810 2431 2884 τούναντίον
2478 2820 2650 2902 εἰρη-

348 2924 578 3009 μένοις
640 2920 755 2991 ὑπ’
821 2920 1044 2992 αὐτῶν
1110 2919 1569 3009 ἀνταναιρεῖν,
1628 2920 1719 3009 μὴ
1776 2918 2201 3009 ἀχθομένους
2252 2925 2343 3012 τῷ
2408 2925 2650 3012 ποιητῇ

351 3029 520 3117 μηδὲ
564 3035 1108 3117 χαλεπαίνοντας,
1155 3025 1323 3097 ἀλλὰ
1370 3042 1511 3109 τοῖς
1555 3029 1631 3096 έν
1677 3027 1836 3116 ἤθει
1881 3029 1993 3097 καὶ
2038 3025 2198 3115 μετὰ
2236 3030 2508 3107 παιδιᾶς
2552 3035 2651 3095 λε-

346 3138 675 3224 γομένοις.
740 3134 953 3216 εὐθύς
994 3144 1131 3205 κτλ.
1211 3138 1479 3213 Rejskio
1534 3142 1843 3204 monente
1898 3140 2051 3221 post
2106 3136 2490 3221 λεγομένοις
2536 3138 2649 3203 ali-

347 3246 501 3332 quid
547 3269 600 3313 e.
647 3269 698 3312 c.
745 3241 1116 3331 ἀγομένους
1161 3248 1277 3311 aut
1318 3244 1766 3332 τερπομένους
1814 3248 1928 3311 aut
1984 3243 2437 3329 ἐφεπομένους
2483 3244 2645 3309 exci-

347 3354 548 3438 disse,
593 3353 976 3420 Duebnerus
1030 3356 1204 3419 recte
1258 3353 1559 3418 lacunam
1616 3352 1921 3437 signavit.
2003 3350 2373 3417 Hercherus
2430 3355 2647 3417 autem

349 3459 669 3527 medicina
725 3461 1196 3527 violentissima
1250 3480 1406 3525 usus
1449 3457 1729 3543 scripsit
1783 3452 1929 3522 ἀλλ’
1983 3456 2057 3522 ἐν
2110 3451 2269 3541 ἤθει
2320 3454 2432 3522 καὶ
2486 3452 2648 3541 μετὰ

347 3568 585 3656 παιδιᾷ
629 3563 1244 3654 προσφερομένους,
1283 3586 1446 3650 quae
1483 3565 1546 3630 h.
1582 3565 1624 3629 l.
1662 3586 1927 3648 prorsus
1973 3563 2198 3648 inepta
2240 3567 2412 3629 sunt.
2485 3562 2646 3651 Sup-

355 3674 666 3759 plendum
711 3673 874 3739 mihi
918 3672 1198 3739 videtur:
1245 3666 1412 3738 ἀλλὰ
1458 3682 1599 3749 τοῖς
1640 3708 1717 3719 --
1759 3669 2144 3757 λεγομένοις
2180 3672 2647 3758 [ΕΥγχωροῦν-

351 3820 471 3875 τας
505 3799 626 3884 vel*
644 3794 1338 3883 (Υγγιγνώσκοντας].
1401 3765 1638 3874 ΕῨθὺς
1670 3793 1783 3880 xes„
1821 3818 1983 3881 quae
2020 3796 2233 3862 verbis
2270 3793 2369 3881 μὴ
2407 3792 2450 3862 ἀ
2458 3803 2648 3882 χθο-

349 3904 640 3990 μένους
672 3942 748 3953 --
772 3901 970 3990 μηδὲ
1005 3906 1632 3990 χαλεπαίνοντας
1657 3908 1829 3970 recte
1860 3907 2291 3989 opponuntur.
2338 3902 2649 3970 Similiter

349 4013 551 4077 etiam
582 4013 693 4078 alii
731 4012 1047 4097 dixerunt,
1085 4022 1161 4078 ut
1194 4011 1540 4096 Euripides
1577 4021 1950 4095 συγχωρεῖν
1988 4022 2207 4076 τοῖσιν
2247 4000 2324 4075 εὖ
2351 4015 2646 4093 λεχθεῖσι

347 4114 576 4202 λόγοις
625 4122 691 4184 et
747 4115 1091 4203 ξύγγνωθι
1135 4114 1299 4204 ἡμῖν
1344 4129 1485 4196 τοῖς
1520 4116 1961 4204 λελεγμένοις,
2006 4117 2349 4201 Antiphon
2392 4133 2643 4201 συγχω-

348 4237 493 4311 ρεῖν
537 4225 628 4315 τῷ
674 4222 937 4291 τούτων
982 4221 1183 4313 λόγῳ,
1230 4225 1362 4290 alii.

529 4330 682 4418 Cap.
725 4334 806 4399 13
847 4328 938 4419 (p.
975 4332 1064 4398 34
1090 4332 1181 4419 f):
1233 4368 1310 4379 -
1350 4329 1463 4397 καὶ
1502 4329 1909 4397 διδάσκοντα
1953 4326 2113 4407 τοὺς
2147 4327 2345 4407 νέους
2380 4324 2646 4415 ὄνειδος

345 4435 662 4526 ἡγεῖσθαι
721 4437 832 4507 καὶ
887 4440 1239 4543 λοιδορίαν
1301 4434 1376 4505 τὸ
1445 4433 1809 4524 ’χρήμασιν
1875 4432 2099 4523 ἄριστε
2170 4434 2284 4505 καὶ
2348 4439 2644 4519 δείπνοις
