3200 5175
1430 211 1534 298 -‘
1612 249 1739 316 112
1828 283 1913 296 -

533 430 790 517 μᾶλλον
851 431 1061 510 εἴκαζε
1123 426 1494 515 κοιμήσεως
1555 427 2011 514 μεθημερινῆς
2072 419 2461 513 ἀποτροπὴν
2524 418 2698 494 εἶναι
2752 419 2839 492 τὸ

539 537 880 622 σύμβολον
932 573 1035 620 -,
1081 531 1171 614 ὥς
1216 532 1455 614 νυκτὸς
1498 531 1969 602 ἀναπαύεσθαι
2015 533 2200 600 δέον
2244 531 2335 601 κε’.
2378 556 2501 620 pro
2548 535 2743 600 δεῖν.

714 699 798 712 —-·
837 662 1016 746 VIII,
1067 665 1099 728 1
1151 660 1242 748 (p.
1283 663 1409 728 728
1423 659 1516 746 e):
1559 654 1649 745 ἣν
1694 657 1769 726 δὲ
1822 656 2171 745 Τυνδάρης
2217 655 2254 725 ὁ
2300 654 2847 743 Λακεδαιμόνιος

540 772 762 836 αἰτίαν
807 771 990 854 ἔλεγε
1023 768 1142 852 τῆς
1177 767 1557 853 ἐχεμυθίας,
1600 769 1800 834 τοῦτο
1846 766 2046 852 γέρας
2084 762 2259 832 εἶναι
2294 761 2453 844 τοὺς
2488 765 2687 851 ἰχθῦς
2720 789 2846 830 κα-

537 883 681 944 λεῖν
727 878 1008 952 ἔλλοπας
1047 894 1158 924 ——·
1205 872 1316 940 καὶ
1360 869 1482 940 τὸν
1533 869 1901 960 ὁμώνυμον
1947 871 2096 960 ἐμοὶ
2139 874 2230 963 τῷ
2276 871 2682 962 παυσαμένῳ,
2719 895 2847 938 πυ-

539 983 924 1067 θαγορικῶς
985 984 1330 1065 περαίνειν
1386 975 1467 1046 τὰ
1529 979 1858 1065 δόγματα,
1922 979 2277 1064 στέγουσαι
2337 975 2618 1066 φρενός,
2682 972 2843 1044 ἀλλ’

539 1085 702 1174 ὅπερ
759 1083 1034 1154 ἐλάσσω.
1127 1085 1372 1152 Locum
1425 1086 1659 1152 misere
1716 1089 2089 1171 corruptum
2136 1087 2405 1172 suppleo
2452 1091 2519 1150 et
2562 1086 2848 1150 emendo

538 1198 608 1260 in
661 1196 834 1262 hune
859 1187 864 1192 ’
889 1194 1183 1260 modum:
1239 1185 1328 1278 ἣν
1381 1189 1458 1258 δὲ
1510 1196 1579 1258 Τ.
1626 1187 1664 1258 ὁ
1714 1196 1793 1258 Λ.
1836 1194 1961 1258 αίτ.
2010 1192 2259 1274 [ἘΛΕΓ
2263 1194 2390 1270 ΕΝ,
2446 1190 2573 1278 ἐρῶ
2622 1185 2847 1276 ἡμῖν]-

540 1302 754 1368 ἘΛΕΓ
757 1302 853 1367 ΕΝ
905 1290 1029 1366 οὖν
1073 1300 1190 1384 τῆς
1237 1298 1594 1385 ἐχεμυθίας
1638 1300 1870 1365 τοῦτο
1918 1297 2033 1384 (nc.
2076 1296 2153 1364 τὸ
2200 1294 2291 1384 μὴ
2336 1294 2689 1383 γεύεσθαι)
2738 1297 2852 1381 γέ-

543 1431 664 1493 ρας
700 1403 899 1474 εἶναι·
935 1402 1094 1484 τοὺς
1131 1401 1313 1489 [γὰρ]
1358 1407 1557 1492 ἰχθῦς
1592 1403 1823 1472 καλεῖν
1859 1408 2140 1483 ἔλλοπας
2170 1425 2282 1454 —-·
2318 1403 2429 1472 καὶ
2473 1401 2595 1470 τὸν
2631 1399 2852 1488 ὑμῶν.

542 1512 688 1600 ἐμοὶ
714 1509 838 1581 τόν
863 1509 1382 1598 παυσάνεμον
1403 1511 1672 1600 (Herw.)
1695 1514 2169 1598 πυθαγορικῶς
2194 1523 2548 1598 παραινεῖν
2572 1508 2855 1598 τά[ΔΕ],

544 1633 902 1741 εΔὸγματα
932 1652 1007 1720 δὲ
1027 1649 1192 1738 στέγ’
1219 1657 1348 1720 ἔσω
1377 1651 1626 1741 φρενὸς
1656 1655 1985 1732 ἔλλοπος
2014 1649 2187 1720 οὔτι
2208 1653 2479 1742 (Wytt.)
2509 1653 2851 1720 ἒλασσον.’

728 1800 803 1809 -
854 1760 1045 1845 VIII,
1089 1763 1132 1826 3
1190 1761 1278 1846 (p.
1338 1763 1468 1827 730
1497 1760 1590 1848 a):
1657 1757 1766 1827 διὸ
1830 1763 1948 1846 τῆς
2009 1757 2307 1845 ἀνάγκης
2370 1756 2855 1845 ἐπειγούσης

544 1867 692 1955 (pro
739 1865 1184 1952 έπαγούσης
1219 1867 1468 1954 Steph.)
1515 1864 1590 1934 τὸ
1636 1869 1926 1953 πρῶτον,
1972 1863 2103 1952 ἤδη
2150 1867 2261 1933 καὶ
2308 1862 2401 1932 δι’
2440 1863 2701 1952 ἡδονὴν
2740 1869 2854 1953 ἔρ-

544 2000 670 2061 γον
714 1978 965 2041 παῦσαι
1000 1970 1126 2060 τὴν
1161 1977 1647 2059 σαρκοφαγίαν.
1709 1975 1918 2040 Locus
1956 1997 2227 2040 maneus
2268 1976 2361 2040 sie
2396 1975 2851 2041 resarciendas

547 2105 684 2148 esse
729 2081 992 2149 Reiskio
1055 2082 1423 2147 videbatur:
1473 2117 1556 2128 —-
1613 2077 1689 2147 τὸ
1754 2082 2024 2167 πρῶτον
2080 2077 2371 2165 ἥπτοντο
2431 2083 2567 2148 τῶν
2624 2083 2851 2166 κρειὸν

547 2185 837 2275 ἀνάγκη,
889 2190 1032 2263 νῦν,
1080 2184 1144 2253 δ’
1203 2184 1336 2272 ἤδη
1389 2186 1501 2253 καὶ
1559 2185 1650 2253 δι’
1700 2183 1979 2272 ἡδονήν.
2071 2189 2308 2255 Lenius
2356 2192 2482 2254 est:
2546 2185 2623 2255 τὸ
2666 2189 2851 2274 πρῶ-

546 2338 688 2396 τον,
733 2308 864 2398 ἤδη
909 2311 1020 2378 καὶ
1070 2307 1159 2377 δι’
1211 2288 1496 2396 ἡδονΙῖίΝ
1548 2311 1757 2394 [ἨΝ]
1806 2315 2006 2397 ἔργον
2051 2311 2143 2380 κὲ.

729 2457 814 2468 ·-
862 2419 1051 2503 VIII,
1096 2421 1140 2484 4
1197 2418 1288 2507 (p.
1347 2421 1384 2484 7
1391 2421 1478 2484 30
1508 2419 1600 2506 e):
1664 2417 1749 2485 οὐ
1802 2416 1929 2504 γὰρ
1986 2418 2061 2484 ἐν
2119 2431 2261 2498 τοῖς
2316 2417 2542 2496 αὐτοῖς
2596 2418 2855 2498 ἐκεῖνος

549 2527 748 2613 ἰχθῦς
801 2524 912 2593 καὶ
959 2519 1398 2610 ἀνθρώπους,
1455 2521 1602 2592 ἀλλ’
1655 2524 1731 2591 ἐν
1786 2523 2063 2612 ἰχθύσιν
2110 2526 2504 2611 ἐγγενέσθαι
2549 2522 2625 2593 τὸ
2671 2527 2855 2613 πρῶ-

548 2658 670 2701 τον
723 2629 1129 2719 ἀνθρώπους
1184 2627 1663 2718 ἀποφαίνεται,
1722 2631 1833 2698 καὶ
1887 2633 2289 2718 τραφέντας,
2336 2630 2556 2720 ὥσπερ
2604 2636 2677 2700 οἱ
2714 2658 2854 2700 πα-

556 2747 732 2807 λαιο
749 2744 801 2825 ί,
847 2740 957 2806 καὶ
1004 2739 1410 2826 γενομένους
1451 2736 1727 2817 ἱκανοὺς
1776 2738 2034 2818 ἑαυτοῖς
2080 2744 2389 2827 βοηθεῖν,
2435 2742 2856 2826 ἐκβληθῆναι

552 2848 915 2934 τηνικαῦτα
953 2846 1068 2913 καὶ
1107 2847 1230 2931 γῆς
1265 2847 1615 2930 λαβέσθαι.
1680 2846 1892 2932 Wytt.
1932 2849 2211 2914 correxit
2248 2849 2521 2913 scilieet:
2568 2842 2855 2935 ὡσπερεὶ

551 2973 852 3060 παιδείᾳ,
917 2974 1103 3038 veluti
1159 2974 1412 3039 edueati.
1504 2972 1680 3039 Vera
1736 2974 1930 3039 lectio
1994 2978 2093 3039 est
2154 2968 2375 3058 ὥσπερ
2437 2974 2509 3039 οι
2564 2948 2857 3041 ΓΑΛεοι’.

556 3064 785 3146 Omnie
833 3075 1156 3145 dubitatio
1205 3080 1508 3145 eximitur
1551 3080 1629 3145 of.
1666 3103 1726 3164 p.
1762 3080 1897 3145 494
1928 3102 1977 3145 e.
2022 3102 2085 3164 p.
2120 3080 2254 3145 982
2284 3103 2339 3145 a.
2413 3078 2511 3145 De
2546 3080 2673 3146 hoo
2708 3082 2857 3147 loeo

554 3188 742 3271 plura
789 3186 996 3253 dicere
1041 3188 1112 3253 in
1157 3186 1375 3252 animo
1424 3190 1591 3273 erat3
1652 3209 1797 3253 eum
1850 3191 2073 3253 tamen
2118 3188 2287 3253 hane
2333 3188 2857 3255 emendationem

555 3316 596 3359 a
639 3293 984 3361 Doehnero
1040 3297 1454 3378 praeceptam
1502 3294 1786 3378 videam,
1841 3294 1951 3359 ille
1997 3294 2291 3359 videatur
2336 3292 2425 3381 (p.
2470 3294 2558 3359 33
2609 3294 2856 3376 Quaest.

554 3401 874 3467 Plutarch.
908 3403 1134 3485 partic.
1181 3398 1328 3487 ΙΙΙ).

733 3524 872 3590 Lib.
917 3524 1036 3610 IX,
1079 3524 1131 3607 I,
1177 3526 1220 3590 2
1277 3526 1364 3609 (Ρ.
1417 3526 1542 3591 737
1573 3525 1667 3611 a):
1712 3522 1986 3593 πάντων
2037 3522 2102 3592 δ’
2164 3523 2433 3613 ἄριστος
2477 3530 2858 3614 Κορίνθιος

553 3644 709 3710 παῖς
755 3628 1197 3716 αίχμάλωτος,
1245 3627 1354 3697 ὅτε
1399 3668 1486 3678 ——
1531 3630 1853 3719 Μόμμιος
1916 3634 1991 3699 έκ
2054 3635 2192 3699 τῶν
2255 3632 2636 3718 ἐλευθέρων
2697 3631 2859 3713 τοὺς

560 3736 1037 3823 ἐπισταμένους
1093 3735 1444 3824 γράμματα
1489 3742 1732 3817 παῖδας
1780 3734 2305 3807 εὐθυσκοπῶν
2354 3740 2653 3807 ἐκέλευσε
2700 3737 2860 3826 γρά-

557 3856 679 3924 ψαι
736 3848 994 3929 στίχον,
1048 3847 1312 3932 ἔγραψε.
1407 3844 1784 3933 Corrigunt:
1842 3842 2053 3924 εὐθὺς
2098 3847 2393 3913 σκοπῶνε
2450 3846 2858 3913 ἐπισκοπῶντ

559 3951 705 4037 ἑξῆς
751 3952 1045 4019 σκοπῶνε
1102 3950 1168 4029 ἐς
1211 3948 1578 4037 εὔσκοπον,
1639 3952 1705 4030 ἐς
1750 3950 2107 4021 σύσκοπον.
2197 3954 2383 4021 Nihil
2432 3976 2613 4040 opus.
2706 3949 2857 4019 Εὐ-

557 4059 985 4125 θυσκοπῶν
1043 4060 1599 4144 transponendum
1646 4064 1748 4125 est
1794 4064 1942 4127 ante
1992 4063 2318 4147 ἔγραψε,
2367 4052 2589 4145 itaqne
2636 4062 2859 4127 omnia

558 4169 720 4232 bene
764 4166 1146 4251 procedent:
1211 4170 1588 4253 Κορίνθιος
1630 4178 1787 4243 παῖς
1834 4204 1916 4213 --
1972 4204 2049 4215 --
2098 4161 2545 4233 εὖθυσκοπῶν
2593 4169 2858 4253 ἔγραψε.

743 4310 814 4320 -
869 4272 920 4359 I,
966 4274 1007 4337 3
1058 4270 1148 4360 (Ρ.
1197 4274 1321 4338 737
1355 4272 1446 4359 e):
1502 4276 1779 4361 Κασσίῳ
1836 4270 1910 4339 δὲ
1959 4277 2271 4362 Λογγίνῳ
2318 4269 2529 4356 λόγου
2572 4266 2858 4359 προσπε-

561 4376 800 4457 σόντος
844 4373 1242 4465 ἀδεσπότου,
1271 4375 1406 4473 ἱτὸν
1451 4375 1611 4445 υἱὸν
1659 4378 1763 4445 ἐπὶ
1801 4376 1991 4463 ξένης
2034 4377 2385 4463 τεθνάναι,
2429 4379 2541 4445 καὶ
2591 4376 2667 4446 τὸ
2706 4376 2861 4465 ἄλη·
