3200 5175
1463 306 1947 372 -126-

565 490 671 556 hic
735 484 1064 569 ἐξελάσαις
1136 486 1269 559 illic
1331 484 1538 552 ναυσὶ
1597 524 1683 533 -
1746 481 2264 569 ἐπιπλεύσαντα,
2336 483 2443 549 hie
2502 478 2877 549 καταπλεύ-

568 614 774 662 σαντα
819 598 1096 672 πλοίοις.

744 721 813 789 C.
852 722 936 787 38
984 719 1075 808 (Ρ.
1124 722 1254 787 870
1284 717 1380 807 a):
1425 714 1824 805 ἀτρεμήσειν
1879 714 2043 784 οὐδέ
2094 734 2261 801 σφιν
2314 714 2655 803 μελήσειν.
2724 715 2881 783 Οοτέ

567 830 694 916 rig:
777 824 1175 913 άτρεμιέειν,
1257 830 1332 892 ut
1413 828 1582 911 apud
1648 826 1885 891 Herod.
1960 827 2033 911 8,
2102 826 2205 891 68.
2301 825 2405 890 Ex
2464 818 2879 909 άτρεμίΕΕΙΝ

572 971 686 1060 (=
727 965 1122 1058 άτρεμιέειν)
1169 971 1415 1035 factum
1463 972 1564 1035 est
1609 944 2034 1055 ἀτρεμήσειν.

746 1113 816 1179 C.
863 1115 948 1179 38
997 1112 1088 1201 (p.
1137 1114 1268 1179 870
1297 1108 1390 1198 a.):
1441 1114 1795 1196 δειμαίνω,
1840 1106 1931 1196 μὴ
1988 1106 2024 1177 ὁ
2071 1105 2386 1188 ναυτικὸς
2436 1106 2730 1195 στρατὸς
2774 1133 2883 1174 κα-

569 1218 816 1297 κωθεὶς
870 1218 997 1285 καὶ
1051 1214 1191 1284 τὸν
1253 1214 1489 1298 πεζὸν
1547 1213 2215 1303 προσδηλήσηται.
2309 1216 2443 1281 Aut
2501 1240 2657 1283 cum
2718 1216 2885 1281 Plut.

572 1328 755 1393 codd.
819 1325 1256 1393 scribendum:
1320 1323 1430 1391 καὶ
1495 1320 1616 1391 τόν
1688 1319 1885 1404 πεζὸν
1954 1320 2483 1409 προδηλήσηται,
2552 1326 2675 1389 aut
2738 1344 2885 1387 oum

575 1435 825 1500 Herod:
871 1429 992 1499 τὸν
1037 1429 1237 1512 πεζὸν
1280 1434 1557 1517 προδηλ.
1603 1432 1817 1497 deleto
1863 1434 1993 1497 καί.

759 1576 828 1642 C.
886 1577 970 1641 39
1027 1576 1239 1642 initio:
1305 1568 1441 1639 ἀλλ’
1501 1566 1538 1638 ὃ
1596 1570 1722 1658 μὲν
1776 1575 2088 1652 ἔψευσται
2143 1569 2345 1657 λόγος
2398 1568 2567 1658 ἡμῖν
2636 1566 2890 1648 οὐδείς·

577 1685 788 1750 αδετ*
834 1683 1114 1761 ψεῦσται
1161 1678 1378 1767 μόνον
1415 1677 1816 1765 ἐξετάζομεν.
1889 1680 2192 1746 Reiskius
2233 1682 2535 1746 correxit:
2585 1674 2740 1745 ἀλλ’
2793 1668 2888 1744 ῶν

574 1788 698 1877 μὲν
733 1792 1045 1869 ἔψευσται
1089 1807 1195 1837 —-··
1243 1782 1286 1853 ἃ
1333 1786 1408 1853 δὲ
1443 1784 1799 1871 κακοήθως
1836 1789 2169 1871 ἔψευσται,
2205 1784 2423 1873 μόνον
2460 1784 2883 1871 ἐξετάζωμεν.

575 1896 792 1981 Ἧγὺτε
847 1891 889 1960 ἅ
937 1892 1014 1960 δὲ
1065 1895 1202 1959 τῶν
1248 1888 1591 1977 Ἑλλήνων
1644 1892 2099 1972 κατέψευσται.
2190 1893 2475 1961 Gobefius
2530 1894 2885 1981 legendum

577 2039 824 2102 monet:
882 2030 1027 2101 ἀλλ’
1091 1995 1230 2104 (DN
1287 2033 1411 2120 μὲν
1479 2037 1792 2114 ἔψευσται
1837 2074 1926 2083 ——
1972 2031 2015 2103 ἃ
2074 2034 2148 2102 δὲ
2209 2036 2418 2123 τ(ωΝ
2477 2038 2886 2124 Κορινθίων

573 2142 684 2209 καὶ
738 2144 874 2209 τῶν
919 2146 1236 2227 Θηβαίων
1288 2138 1472 2229 κατέ)
1522 2152 1803 2221 ψευσται
1859 2140 2075 2228 μόνον
2130 2141 2285 2222 ἐξετ.
2374 2143 2886 2209 Herwerdenus:

579 2247 620 2317 ἃ
670 2248 744 2317 δὲ
787 2251 1062 2339 τ(ινῶν
1115 2247 1603 2335 κατε’)ψευσται
1651 2246 1867 2334 μόνον
1915 2248 2067 2329 ἑξετ.
2151 2249 2444 2317 Conicio:
2500 2246 2650 2316 ἀλλ’
2704 2244 2883 2331 δ’[σα]

579 2355 702 2443 μὲν
749 2360 1060 2437 ἔψευσται
1099 2376 1210 2403 -·
1258 2349 1300 2421 ἃ
1341 2352 1415 2421 δὲ
1451 2356 1617 2437 τ[ῶν
1656 2351 1997 2439 Ἑλλήνων
2040 2354 2505 2444 κατεΊψευσται
2543 2354 2769 2442 μόνον
2808 2354 2887 2438 ἐξ,

502 2460 505 2465 ’
745 2462 830 2529 G.
872 2466 959 2529 42
1008 2462 1098 2551 (p.
1146 2464 1274 2528 872
1305 2460 1393 2550 e):
1438 2463 1647 2527 ταῦτα
1694 2458 1821 2547 γὰρ
1870 2456 2011 2547 οὐχ
2058 2455 2235 2529 οἷον
2282 2463 2356 2529 ἐν
2407 2467 2744 2555 Κορίνθῳ
2792 2463 2885 2527 δι-

583 2570 851 2639 δάσκων
891 2564 1040 2637 οὐδ’
1083 2558 1262 2655 ἆσμα
1298 2570 1515 2635 ποιῶν
1553 2609 1639 2617 --
1680 2566 2046 2655 ἱστόρηκεν.
2116 2570 2243 2638 Pro
2284 2566 2426 2656 οὐχ
2456 2564 2679 2656 οἷον,
2720 2569 2887 2658 quod

581 2681 929 2746 manifesto
990 2681 1366 2763 corruptum
1433 2680 1558 2763 θεὴ,
1618 2677 1825 2762 Wytt.
1892 2680 2236 2765 legendum
2306 2679 2705 2764 suspicatur:
2769 2673 2886 2744 οὐκ

583 2783 783 2854 εἶπεν.
873 2786 1115 2852 Veram
1205 2785 1554 2850 lecfiionem
1635 2782 2109 2852 Herwerdenus
2199 2788 2442 2872 reperifi
2528 2788 2885 2872 corrigensz

586 2889 667 2960 οὐ
712 2889 936 2979 χορόν.
1011 2893 1091 2958 In
1137 2892 1403 2958 eandem
1452 2913 1573 2978 ego
1622 2915 1872 2978 quoque
1918 2892 2135 2988 incidi.

767 3015 1163 3110 Sequunmr:
1232 3012 1267 3082 ὁ
1335 3014 1410 3082 δὲ
1472 3012 1973 3103 προλαμβάνων
2037 3013 2159 3084 τὸν
2218 3021 2490 3103 ἔλεγχον
2547 3019 2674 3084 τοῦ
2733 3010 2882 3096 ψεύ-

586 3142 830 3211 σματος
874 3123 1012 3189 τῶν
1057 3121 1512 3209 ἐρησομένων,
1572 3121 1790 3190 πόθεν
1851 3115 1977 3191 οὖν
2030 3121 2451 3210 πολυάνδρια
2500 3164 2619 3207 -,
2667 3125 2742 3190 ἐν
2789 3113 2885 3197 οἷς

587 3232 1006 3317 ἐναγίζουσιν
1089 3226 1239 3316 ἄχρι
1334 3233 1465 3298 νῦν
1537 3237 1897 3311 Πλαταιεῖς
1988 3233 2123 3300 τῶν
2204 3229 2549 3318 Ἑλλήνων
2636 3251 2881 3316 συμπα-

588 3337 916 3425 ρόντων*
975 3341 1267 3424 αἴσχιον,
1325 3334 1414 3416 ῶς
1472 3346 1728 3426 οἴομαι,
1786 3341 1903 3425 τῆς
1959 3342 2325 3426 προδοσίας
2378 3341 2531 3406 τῶν
2591 3338 2884 3424 γενεῶν

584 3444 1041 3533 κατηγόρηκεν
1105 3444 1178 3510 ἐν
1241 3445 1519 3525 τούτοις.
1612 3443 1915 3512 Reiskius
1977 3429 2377 3513 lassunulam⁸
2406 3469 2559 3513 voce
2625 3443 2883 3517 ὄνειδος

589 3554 825 3640 expleta.
894 3553 1136 3619 Locum
1173 3557 1393 3619 tamen
1422 3552 1752 3619 difficilem
1790 3577 1926 3619 non
1961 3557 2098 3619 {sam
2128 3555 2382 3621 defeofiu
2411 3559 2657 3639 notate,
2694 3571 2880 3639 quam

587 3661 880 3745 proximo
917 3661 1213 3744 γενεῶν
1250 3683 1389 3726 esse
1427 3662 1589 3726 bene
1626 3662 1885 3727 monuit
1920 3660 2277 3748 Wyttenb„
2312 3661 2439 3727 nisi
2477 3662 2648 3749 quod
2686 3659 2878 3726 alium

590 3767 910 3832 defecfium
955 3768 1024 3832 in
1081 3768 1334 3852 γενεῶν
1389 3767 1590 3833 latere
1646 3769 1939 3834 iudicans
2002 3770 2351 3854 aberravit3
2408 3769 2708 3837 coniecit:
2753 3763 2881 3830 τῶν

589 3869 1080 3958 συμπαρόντων
1107 3868 1468 3959 Ἑλλήνων,
1506 3876 1795 3966 ἔγκλημα
1832 3870 2008 3940 πολὺ
2045 3881 2310 3959 αἴσχιον
2346 3877 2466 3958 τ’ἶς
2500 3875 2879 3961 προδοσίας,

589 3973 851 4064 άπάτην
901 3979 1195 4064 γενεῶν
1241 3977 1348 4066 (de
1398 3980 1633 4046 futuris
1682 3981 2237 4070 generaffionibus)
2284 3981 2749 4068 κατηγόρηκεν.
2800 4010 2871 4024 --

591 4087 828 4153 Totum
890 4088 1105 4152 locum
1151 4087 1591 4171 pessumdedit
1635 4111 1833 4153 unum
1884 4090 2152 4154 verbum
2199 4092 2571 4173 corruptum
2617 4084 2879 4172 γενεῶν,

585 4195 660 4296 ‘in
713 4252 840 4314 quo
897 4229 1062 4294 nihil
1121 4229 1296 4294 aliud
1349 4231 1514 4294 latet
1567 4254 1764 4316 quam
1818 4206 2212 4316 ΠὸΛεωΝ,
2286 4232 2327 4296 i.
2382 4253 2433 4296 e.
2501 4224 2876 4298 setheum.

592 4340 657 4404 Π
696 4368 780 4390 =
823 4339 862 4401 Γ
908 4339 982 4401 ut
1027 4335 1096 4400 in
1137 4358 1202 4420 p.
1240 4336 1370 4402 730
1399 4359 1458 4402 e:
1505 4339 1823 4404 ΠΑΛΑΙΟΙ
1868 4369 1951 4392 =
1992 4338 2278 4404 ΓΑΛΕΟΙ.
2324 4339 2374 4402 Λ
2405 4367 2489 4393 ----
2531 4340 2581 4404 Ν
2630 4337 2733 4425 (ef.
2770 4355 2875 4398 an-

593 4448 727 4510 not.
771 4445 841 4510 in
875 4465 939 4528 p.
979 4444 1068 4509 44
1087 4441 1158 4529 b)
1206 4444 1258 4509 O
1300 4474 1381 4498 ===
1422 4445 1482 4510 Ε.
1555 4442 1775 4510 Verbo
1814 4445 2123 4513 mendoso
2162 4448 2469 4531 correcto,
2514 4447 2745 4513 lacuna
2780 4460 2873 4506 ex-
