3200 5175
1278 346 1674 410 ...9-

330 522 518 587 haee:
568 518 680 588 διὰ
723 525 841 609 τῆς
876 518 1041 607 μετὰ
1079 523 1482 604 Μαρκέλλου
1520 517 1947 609 ἀναστροφῆς
1983 522 2094 588 καὶ
2124 518 2410 608 ὁμιλίας.
2487 518 2628 588 Οὐκ

329 623 737 713 ἀπήλλακται
803 630 1030 715 μέντοι
1095 625 1386 708 ὑποψίας
1447 626 1522 695 τὸ
1579 634 2004 718 συνηθείᾳ·
2078 625 2113 697 ὁ
2161 627 2290 715 γὰρ
2331 627 2629 716 Ἀμιότος

331 733 444 801 διὰ
491 738 612 802 τοῦ
657 738 1065 803 Vehemence
1110 733 1597 824 (Σφοδρότητι)
1647 733 2087 822 ἑρμηνεύσας,
2147 734 2310 803 ἄλλο
2358 763 2421 804 τι
2468 734 2626 803 ἀνα-

330 840 570 926 γνούς,
637 836 678 927 ἢ
743 845 914 928 γοῦν
979 839 1448 929 ἀναγνωστέον
1504 839 1677 908 εἶναι
1730 838 2145 929 ὑπειληφώς,
2211 841 2414 927 δῆλός
2472 843 2626 912 ἐστι.

333 948 612 1033 Μήποτε
659 939 785 1015 οὖν
829 949 1159 1035 γραπτέον
1197 953 1602 1036 Συντονίᾳ
1645 975 1753 1034 -;
1798 951 2069 1015 Frustra
2112 953 2401 1016 tentatur
2446 974 2625 1017 voca-

334 1057 556 1122 bulum
613 1060 685 1120 ut
737 1059 905 1142 quod
961 1058 1235 1122 maxime
1292 1081 1542 1123 sanum.
1635 1057 2256 1144 LociQnsequentes
2312 1080 2503 1144 quem
2558 1061 2626 1122 in

329 1164 590 1228 modum
649 1164 826 1227 vocis
884 1185 1110 1227 sensus
1165 1164 1445 1228 usitatus
1501 1165 1570 1229 in
1619 1165 1931 1229 rariorem
1980 1167 2337 1248 transierit,
2398 1167 2625 1231 docere

327 1271 620 1352 possunt.
712 1268 962 1334 Oamssl.
1019 1271 1089 1334 4:
1156 1267 1451 1353 ἐγεγόνει
1514 1269 1650 1337 τινὶ
1694 1267 1994 1362 Ῥωμαίῳ
2065 1269 2463 1358 συνήθεια
2517 1271 2627 1338 καὶ

325 1379 661 1461 παρρησία
707 1373 874 1462 πρὸς
919 1375 1037 1442 ἕνα
1073 1378 1209 1442 τῶν
1244 1383 1596 1463 πολεμίων.
1672 1379 1833 1444 Mar.
1878 1381 1975 1446 16.
2021 1380 2179 1446 Fab.
2222 1382 2327 1446 20.
2376 1379 2529 1446 Sull.
2568 1383 2626 1446 2.

324 1481 567 1546 Lucull.
639 1483 694 1548 6.
767 1483 833 1548 7:
901 1481 1279 1567 συνήθειαν
1343 1480 1678 1568 ἀναρχίας.
1780 1485 1986 1550 Brut.'
2034 1487 2132 1551 18.
2206 1487 2445 1551 Anton.
2512 1486 2625 1551 50:

327 1585 649 1672 συνήθεις
702 1586 1054 1674 μάχεσθαι.
1146 1591 1396 1668 Quibus
1456 1596 1932 1674 componantur
1986 1590 2204 1676 Pelop.
2256 1593 2365 1658 15:
2428 1594 2499 1657 οἱ
2551 1589 2625 1658 δὲ

327 1697 610 1780 Θηβαῖοι
644 1733 718 1743 -—
753 1694 1118 1782 μαχόμενοι
1165 1695 1378 1782 μάχας
1423 1691 1629 1774 αὐτὰς
1673 1695 1799 1782 μὲν
1846 1693 1930 1763 οὐ
1976 1695 2283 1783 μεγάλας,
2330 1695 2629 1783 μεγάλην

331 1799 406 1867 δὲ
448 1799 573 1886 τὴν
617 1805 896 1888 μελέτην
944 1802 1224 1890 ἐχούσας
1260 1803 1369 1869 καὶ
1405 1801 1534 1888 τὴν
1569 1801 1856 1890 ἄσκησιν
1888 1843 1971 1851 —-
2009 1806 2449 1871 διεπονοῦντο
2488 1817 2629 1883 τοῖς

329 1905 661 1994 σῶμασιν,
720 1909 1064 1997 ἐμπειρίαν
1117 1907 1254 1995 ἅμα
1309 1913 1387 1998 τῇ
1445 1916 1837 1998 συνηθείᾳ
1895 1910 2006 1977 καὶ
2061 1911 2381 1996 φρόνημα
2425 1931 2627 1998 προσ-

329 2013 782 2100 λαμβάνοντες
827 2016 899 2082 έκ
943 2019 1080 2083 τῶν
1125 2012 1427 2100 ἀγῶνων.
1501 2017 1693 2084 Num.
1738 2017 1807 2083 5:
1852 2013 2019 2102 ὑμῖν
2066 2016 2162 2100 δέ,
2209 2007 2261 2083 ῶ
2291 2013 2629 2103 Ῥωμαῖοι,

325 2120 617 2201 πολλοὺς
671 2121 794 2209 μὲν
842 2159 914 2170 ——-
969 2120 1359 2190 ἀπολέλοιπε
1407 2122 1739 2209 πολέμους
1775 2120 2111 2210 Ῥωμύλος
2165 2161 2240 2171 --
2292 2122 2504 2209 πολλὴ
2555 2123 2629 2192 δὲ

329 2229 438 2294 καὶ
495 2228 894 2314 συνήθεια
939 2229 1050 2296 καὶ
1096 2234 1442 2317 προθυμία
1490 2227 1580 2296 δι’
1634 2228 1949 2316 εὐτυχίαν
1997 2229 2230 2315 γέγονε
2275 2233 2365 2321 τῷ
2414 2229 2626 2320 δήμῳ,

329 2339 438 2402 ubi
497 2335 873 2421 συνήθειαν
929 2343 1122 2404 vocat
1175 2338 1330 2404 belli
1392 2339 1945 2403 consuetudinem.
2036 2337 2133 2403 Of.
2179 2338 2462 2402 Marcell.
2510 2340 2627 2402 21:

329 2445 549 2511 ἔπειτα
625 2441 726 2511 ὅτι
789 2442 910 2511 τὸν
971 2445 1188 2529 δῆμον
1254 2444 1730 2530 εἰθισμένον
1796 2449 2171 2529 πολεμεῖν
2236 2481 2322 2490 ——-
2389 2445 2632 2527 σχολῆς

330 2551 664 2637 ἐνέπλησε.
754 2552 858 2618 Ita
906 2552 1103 2618 etiam
1149 2553 1219 2617 in
1262 2553 1404 2619 loco
1453 2553 1529 2619 de
1577 2575 1703 2639 quo
1750 2554 1965 2639 agitur
2015 2548 2392 2637 συνήθειαν,
2439 2555 2629 2637 Μαρ-

327 2660 570 2726 κέλλου
623 2663 812 2725 vocat
867 2660 1020 2724 belli
1077 2662 1636 2740 consuetudinem,
1700 2662 1856 2725 belli
1914 2684 2099 2725 usum
2160 2664 2225 2725 et
2272 2661 2632 2745 scientiam,

329 2789 525 2852 quam
582 2766 927 2831 Marcellus
982 2767 1286 2832 habebat.
1377 2768 1578 2832 Paulo
1638 2772 1789 2832 ante
1848 2768 1925 2831 de
1982 2768 2205 2831 eodem
2263 2767 2451 2831 dixit:
2516 2762 2628 2831 ἅτε

331 2869 416 2957 δὴ
460 2871 570 2939 καὶ
616 2868 781 2938 κατὰ
819 2884 1003 2958 χεῖρα
1041 2870 1330 2957 πλήκτης
1367 2868 1540 2958 ἀνὴρ
1578 2872 1690 2939 καὶ
1728 2871 1930 2958 φύσει
1966 2876 2271 2950 τοιοῦτος
2308 2866 2405 2938 ῶν
2444 2874 2629 2950 οἴους

311 2976 598 3065 Ὅμηρος
647 3014 724 3026 —-
774 2985 965 3045 καλεῖ
1005 2980 1533 3065 φιλοπτολέμους
1577 2980 1686 3046 καὶ
1735 2976 2131 3066 ἀγερώχους.

509 3088 620 3152 25:
675 3088 765 3175 τῷ
824 3084 897 3152 δὲ
945 3084 1132 3176 δήμῳ
1181 3084 1294 3153 διὰ
1341 3085 1617 3171 φθόνον
1663 3084 1881 3177 ἐδόκει
1926 3088 2050 3153 τοῦ
2097 3091 2496 3172 Σκηπίωνος
2547 3082 2623 3135 -’-

330 3193 899 3278 ἐπιλαμβάνεσθαι
937 3193 1048 3260 καὶ
1088 3194 1412 3278 δεδιέναι,
1459 3192 1550 3280 μή
1588 3220 1651 3261 τι
1690 3195 1857 3281 μέγα
1893 3194 2005 3261 καὶ
2035 3191 2339 3281 λαμπρὸν
2370 3195 2627 3281 ἐξεργα-

333 3300 632 3385 σαμένου
683 3298 796 3365 καὶ
843 3296 962 3365 τὸν
1008 3297 1301 3386 πόλεμον
1348 3340 1434 3349 --
1482 3303 1599 3387 τῆς
1638 3299 1916 3379 Ἰταλίας
1963 3298 2379 3387 ἐκβαλόντος,
2428 3298 2629 3379 αὐτὸς

329 3403 571 3491 ἀργὸς
625 3408 808 3493 φανῇ
863 3405 973 3473 καὶ
1029 3405 1378 3492 μαλακὸς
1424 3409 1499 3474 ἐν
1541 3407 1841 3498 τοσούτῳ
1888 3410 2107 3499 χρόνῳ
2156 3411 2629 3493 διαπεπολεμη-

327 3506 478 3592 κω”ς.
559 3516 664 3581 Ita
711 3516 977 3580 codices.
1063 3515 1398 3600 Xylander
1443 3521 1594 3601 post
1637 3514 1859 3604 χρόνῳ
1906 3517 2315 3581 inserendum
2364 3511 2447 3580 οὐ
2491 3538 2626 3581 mo-

329 3622 503 3705 nuit,
549 3624 614 3685 et
657 3622 973 3685 insertum
1019 3625 1160 3686 erat
1207 3629 1358 3687 ante
1405 3621 1856 3706 Sintenisium,
1905 3623 2014 3708 qui
2061 3624 2285 3689 eodem
2343 3623 2486 3687 loco
2534 3620 2624 3707 μή

327 3724 735 3814 interposuit.
818 3726 938 3792 Sed
988 3750 1068 3792 ne
1113 3729 1207 3794 ita
1255 3728 1511 3814 quidem
1558 3730 1738 3794 locus
1786 3730 1867 3794 ad
1904 3730 2412 3816 intellegendum
2449 3730 2629 3794 facil-

328 3836 524 3901 limus
589 3838 989 3920 persanatur.
1094 3830 1635 3921 Scribeo'coycsig
1700 3837 1883 3922 φανῇ
1946 3834 2055 3902 καὶ
2117 3838 2485 3922 μαλακῶς
2546 3874 2618 3883 -—-

331 3939 928 4027 διαπεπολεμηκώς,
973 3944 1012 4009 i.
1062 3966 1112 4008 e.
1162 3945 1344 4030 φανῇ
1393 3941 1496 4009 ὅτι
1543 3938 1767 4027 ἀργῶς
1811 3943 1918 4010 καὶ
1966 3946 2272 4028 μαλακῶς
2318 3946 2624 4009 διαπεπψ

329 4048 596 4134 λέμηκε,
657 4038 735 4137 ᾗτ
798 4050 1016 4115 omnia
1077 4051 1314 4134 optime
1369 4051 1735 4134 procedent.
1828 4049 1923 4115 Of.
1979 4050 2317 4115 Demosth.
2375 4053 2441 4114 et
2495 4049 2625 4116 Cic.

329 4178 536 4239 comp.
582 4157 651 4219 4:
698 4150 824 4238 τὴν
868 4151 992 4239 μὲν
1038 4150 1264 4239 φυγὴν
1309 4150 1531 4240 ἀργῶς
1576 4151 1613 4221 ὁ
1664 4156 1971 4238 Κικέρων
2018 4154 2340 4240 διήνεγκε.

508 4258 914 4327 Alcibiades
959 4264 1064 4327 13:
1115 4260 1250 4326 ἐπεὶ
1299 4258 1373 4327 δὲ
1420 4262 1633 4345 δῆλον
1678 4254 1763 4345 ἦν
1811 4259 1912 4327 ὅτι
1962 4261 2063 4328 ἑνὶ
2108 4262 2244 4328 τῶν
2289 4266 2496 4347 τριῶν
2540 4261 2626 4329 τὸ

329 4366 724 4463 ὄστρακον
779 4368 1231 4450 ἐποίσουσι,
1291 4364 1630 4452 συνήγαγε
1690 4365 1805 4446 τὰς
1851 4366 2114 4447 στάσεις
2158 4356 2250 4448 εἰς
2295 4365 2542 4437 ταύτὸν
2590 4367 2623 4437 ὅ

322 4462 776 4560 Ἀλκιβιάδης,’
807 4475 918 4542 καὶ
966 4474 1343 4561 διαλεχθεὶς
1386 4471 1552 4561 πρὸς
1595 4472 1725 4552 τὸν,
1757 4480 2007 4545 Νικίαν
2046 4478 2150 4571 ’τῷ
2189 4473 2510 4564 ’Υπερβό
2523 4485 2624 4570 λῳ
