3200 5175
1313 313 1709 376 ..7.-

365 491 458 556 έπ.
507 491 832 576 iungenda
897 495 1076 569 sunt,
1131 513 1276 555 cum
1323 491 1705 573 praesertim
1753 490 1831 554 de
1878 489 2151 572 pecunia
2200 491 2461 573 agatur:
2524 489 2660 574 Ille,

363 599 601 683 inquit,
647 597 1116 682 patrimonium
1159 619 1242 660 ne
1289 619 1417 660 una
1463 597 1721 681 quidem
1768 595 2075 660 drachma
2122 596 2397 680 amplius
2446 597 2658 662 effecit

363 729 441 770 ex
495 705 575 769 iis
631 705 948 788 pecuniiS,
1001 725 1270 786 quarum
1304 708 1551 784 partem
1596 700 1710 787 (=
1758 691 1884 788 ὧν)
1929 702 2230 766 nonnulli
2276 705 2463 768 etiam
2508 705 2656 769 filiis

365 813 780 895 reliquerant.
871 810 993 874 Vel
1059 810 1202 874 aliis
1267 809 1504 874 verbis:
1577 808 1691 872 alii
1753 811 2005 874 tantam
2060 810 2399 893 pecuniam
2453 811 2659 893 publi-

366 941 508 984 cam
572 921 966 1000 averterunt,
1021 922 1095 980 ut
1149 920 1215 981 et
1266 915 1393 999 ipsi
1450 916 1817 980 fruerentur
1870 920 1935 980 et
1988 916 2140 979 filiis
2187 916 2660 1001 relinquerent3

366 1027 474 1089 ille
535 1028 753 1088 tamen
812 1046 892 1087 ne
950 1045 1081 1086 una
1137 1023 1392 1106 quidem
1449 1021 1755 1087 drachma
1812 1045 1889 1088 ex
1934 1023 2015 1087 iis
2061 1023 2352 1106 pecuniis
2401 1025 2658 1107 sumpta

366 1155 518 1215 opes
577 1130 772 1212 auxit.
861 1129 1108 1228 anem
1163 1128 1296 1193 fere
1343 1128 1784 1213 Thucydide8‚
1831 1150 2022 1214 quem
2068 1129 2309 1194 Noster
2356 1131 2659 1213 sequitur,

359 1237 625 1302 tradidit
671 1236 762 1318 II,
815 1235 930 1300 65:
986 1231 1343 1318 χρημάτων
1397 1259 1467 1300 τε
1526 1235 1874 1318 διαφανῶς
1920 1231 2343 1320 ἀδωρότατος
2388 1232 2659 1320 γενόμε-

357 1367 475 1419 νος
528 1354 782 1426 κατεῖχε
839 1339 914 1408 τὸ
973 1343 1233 1425 πλῆθος
1288 1340 1666 1426 ἐλευθέρως
1711 1379 1795 1389 -—
1843 1338 1957 1406 διὰ
2004 1338 2078 1407 τὸ
2126 1338 2216 1426 μὴ
2262 1339 2662 1426 κτώμενος

356 1449 432 1528 ἐξ
479 1443 570 1514 οὐ
615 1444 1182 1533 προσηκόντων
1225 1444 1376 1534 τὴν
1424 1445 1774 1532 δύναμιν
1821 1445 1987 1533 πρὸς
2031 1443 2293 1533 ἡδονήν
2337 1473 2399 1514 τι
2437 1447 2659 1533 λέγειν

357 1555 447 1622 κέ.
520 1555 823 1622 Ceterum
868 1559 1096 1622 nostra
1131 1557 1302 1620 ratio
1341 1577 1416 1620 eo
1458 1577 1733 1641 quoque,
1780 1557 1950 1639 quod
1986 1555 2157 1620 idem
2196 1577 2421 1621 sensus
2461 1557 2657 1621 etiam

363 1665 502 1728 sine
549 1663 762 1728 verbis
809 1687 909 1727 ων
945 1699 1016 1708 -—-
1055 1660 1362 1728 διέθεντο
1411 1663 1583 1727 effici
1627 1666 1865 1746 potest,
1912 1663 2349 1728 confirmatur.
2418 1663 2653 1729 Verbis

360 1771 531 1834 enim
591 1768 844 1846 ἐκεῖνος
899 1770 1017 1856 μιᾷ
1074 1770 1332 1856 δραχμῇ
1386 1805 1462 1816 -
1512 1767 1858 1834 κατέλιπεν
1915 1770 2088 1834 haud
2144 1770 2273 1834 alia
2329 1774 2403 1834 ut
2459 1793 2656 1855 oppo-

357 1851 597 1953 nentur
642 1876 938 1962 intellegi
984 1881 1260 1960 possunt
1297 1898 1489 1960 quam
1531 1875 1721 1941 haec:
1771 1874 1907 1940 alii
1934 1861 2153 1941 tamen
2193 1878 2657 1960 patrimonium

357 2006 491 2048 non
538 2005 670 2048 una
715 1981 1051 2066 drachma,
1108 1983 1220 2047 sed
1266 1983 1488 2047 multis
1535 1983 1825 2048 millibus
1875 1982 2211 2048 auxerunt'
2214 2033 2231 2066 ,
2276 1984 2438 2068 quae
2484 2007 2657 2050 nunc
2766 2060 2773 2073 .

357 2091 596 2155 diserte
626 2090 740 2153 illa
767 2084 1144 2172 parenthesi
1173 2082 1507 2172 expressit.
1557 2088 1654 2153 Cf.
1683 2089 1917 2154 Aemil.
1946 2090 2016 2154 4:
2056 2084 2216 2154 οὐδὲ
2246 2090 2505 2177 δραχμῇ
2534 2093 2655 2178 μιᾷ

355 2191 648 2280 γεγονὼς
677 2189 1130 2281 εὐπορώτερος
1149 2190 1277 2260 ἀπὸ
1299 2197 1414 2278 τῆς
1435 2198 1792 2279 στρατείας.
1830 2196 2058 2261 Timol.
2078 2199 2144 2260 et
2164 2197 2344 2261 Aem.
2366 2218 2571 2282 comp.
2596 2200 2655 2263 2.

355 2303 606 2369 Cimon.
649 2303 746 2367 10.
813 2303 1046 2366 Restat
1083 2306 1156 2366 ut
1193 2302 1270 2366 de
1309 2302 1537 2366 ceteris
1575 2303 1821 2387 aliquid
1851 2302 2076 2366 dicam.
2129 2293 2255 2367 Ὧν
2283 2303 2452 2368 idem
2486 2305 2656 2369 valet

356 2416 548 2494 atque
587 2409 657 2474 ἐκ
701 2405 960 2474 τούτων
1004 2407 1070 2486 ἐξ
1116 2397 1214 2473 ὧν
1251 2409 1353 2473 vel
1393 2406 1463 2472 ἐκ
1497 2403 1759 2472 τούτων
1795 2403 1859 2490 ἅ,
1905 2430 2062 2473 nam
2099 2413 2444 2493 utrumque
2479 2409 2652 2496 licet,

355 2517 770 2582 Constructio
820 2516 1256 2580 διατίθεσθαί
1285 2539 1347 2578 τι
1387 2514 1498 2579 ἐπί
1527 2537 1661 2579 τινι
1703 2515 1957 2579 defendi
1995 2518 2213 2599 potest
2249 2515 2427 2580 hisce
2465 2516 2653 2581 locis.

354 2624 544 2689 Thes.
595 2625 705 2688 17:
765 2621 869 2687 ἐπὶ
925 2619 1114 2711 νόθῳ
1160 2621 1270 2688 καὶ
1319 2622 1484 2712 ξένῳ
1531 2622 1721 2687 παιδὶ
1768 2618 1893 2705 τὴν
1938 2616 2152 2708 ἀρχὴν
2198 2622 2652 2708 πεποιημένος.

356 2731 596 2815 Poplic.
643 2731 703 2795 6.
745 2728 1030 2794 Marcell.
1083 2731 1192 2794 17:
1239 2723 1554 2813 ἀπέσχετο
1602 2724 1817 2814 μάχης
1873 2766 1947 2775 --
2005 2727 2108 2793 ἐπὶ
2144 2730 2234 2818 τῷ
2274 2729 2491 2819 χρόνῳ
2530 2726 2655 2815 ’τὴν

354 2840 749 2923 πολιορκίαν
803 2835 1158 2920 θέμενος.
1250 2834 1346 2902 Cf.
1403 2837 1551 2922 Lyc.
1610 2841 1675 2902 et
1728 2837 1921 2902 Num.
1979 2834 2205 2920 Comp.
2252 2839 2314 2902 4.
2368 2836 2653 2903 Marcell.

356 2946 459 3010 23.
507 2945 730 3028 Pomp.
762 2945 863 3009 78.
902 2944 1094 3008 Dion.
1124 2944 1229 3009 25.
1292 2967 1352 3027 p.
1382 2944 1510 3008 258
1543 2944 1609 3007 d:
1654 2945 1789 3008 πᾶν
1829 2936 1927 3007 ἐπ’
1972 2936 2138 3029 αὐτῇ
2174 2942 2650 3028 ποιησαμένου.

351 3075 410 3135 p.
451 3053 663 3115 4960:
709 3034 1045 3135 τροφείών
1093 3047 1196 3114 ἐπὶ
1243 3048 1422 3129 νέοις
1475 3050 1983 3136 δανειζομένων.
2024 3088 2099 3097 -
2129 3045 2470 3127 Ἐκεῖνος
2508 3052 2652 3117 sub-

352 3160 642 3223 iunctum
690 3162 806 3241 est,
854 3160 924 3221 ut
969 3178 1350 3243 praegresso
1399 3159 1569 3221 ἔνιοι
1617 3161 2065 3241 opponeretur.

529 3264 737 3329 Fabii
775 3263 1073 3329 Maximi
1112 3266 1180 3329 8:
1219 3262 1611 3349 διέφθειρεν
1651 3258 1775 3330 οὐκ
1812 3258 2083 3346 ὀλίγους
2119 3261 2229 3328 καὶ
2268 3254 2490 3347 φόβον
2525 3287 2651 3329 πε-

351 3371 714 3456 ριέστησε
776 3371 982 3435 πᾶσιν
1050 3365 1139 3447 ὡς
1193 3368 1843 3456 πολιορκησομένοις.
1937 3370 2219 3436 Cobetus
2286 3363 2649 3436 annotavit:

354 3479 634 3543 ‘summa
679 3478 1050 3543 constantia
1088 3478 1319 3543 Graeci
1366 3478 1670 3543 dicebant
1715 3472 1936 3560 φόβον
1984 3474 2134 3552 δέος
2180 3481 2248 3540 et
2294 3478 2433 3540 sim.
2506 3480 2649 3543 ΠΑ-

355 3581 669 3651 Ριστάναι
721 3606 855 3649 non
901 3580 1370 3649 ΠΕΡΙιστοὲναι.
1462 3584 1731 3667 Proprie
1777 3579 2179 3666 παριστάναι
2227 3586 2327 3647 est
2376 3585 2440 3648 in
2485 3606 2647 3649 men-

352 3698 469 3756 tem
513 3694 680 3775 dare,
726 3694 799 3755 ut
841 3694 1293 3776 παρίστασθαι
1339 3693 1410 3785 ιἠ,
1455 3696 1713 3755 mentem
1757 3692 1977 3772 venire,
2025 3688 2253 3753 deinde
2303 3690 2501 3755 ferme
2548 3693 2650 3775 (ut

349 3800 416 3863 in
471 3798 770 3881 ἐμποιεῖν
824 3802 891 3863 et
944 3795 1412 3882 ἐνεργάζεσθαι
1459 3795 1776 3882 videmus)
1823 3800 1926 3860 est
1969 3797 2317 3860 inanimis
2364 3802 2427 3860 et
2473 3820 2647 3861 men·
2704 3798 2706 3805 '

353 3906 527 3969 tibus
573 3904 910 3969 hominum
957 3906 1234 3988 excitare,
1282 3926 1706 3987 commovere,
1750 3900 1977 3986 φόβον
2023 3899 2421 3987 παριστάναι
2464 3910 2646 3969 ter-ro-

348 4033 480 4077 rem
535 4013 826 4097 incutere,
884 4008 1141 4097 θάρσος
1203 4032 1266 4075 π.
1331 4012 1576 4076 animos
1631 4012 1878 4091 addere,
1941 4008 2173 4073 ἐλπίδα
2246 4006 2647 4094 παριστάναι

347 4141 517 4203 spem
588 4141 824 4184 movere
896 4124 962 4183 et
1033 4119 1334 4183 similiter
1405 4119 1478 4181 in
1542 4118 1704 4182 aliis
1809 4116 2126 4200 Exempla
2190 4120 2345 4181 sunt
2409 4117 2646 4201 ubique

351 4227 562 4311 obvia,
608 4229 682 4290 ut
725 4226 793 4290 in
839 4225 1042 4289 Fabio
1098 4225 1207 4289 15:
1252 4225 1450 4289 τοῦτο
1498 4234 1641 4300 τοῖς
1678 4224 2173 4308 Καρχηδονίοις
2220 4221 2441 4287 ἰδοῦσι
2478 4220 2646 4310 θάρ-

353 4352 472 4410 σος
513 4336 821 4419 παρίστη,
868 4337 935 4396 et
979 4332 1092 4395 ubi
1136 4330 1337 4395 nonP'

534 4440 714 4505 Haec
760 4440 1002 4524 legenti
1048 4437 1207 4503 mihi
1253 4438 1323 4502 in
1366 4442 1626 4503 mentem
1668 4428 1833 4503 venit
1876 4436 2163 4522 Thucyd.
2201 4436 2320 4523 III,
2366 4438 2477 4503 54:
2525 4433 2646 4521 φό-
