<?xml version="1.0" encoding="UTF-8"?>
<!DOCTYPE html PUBLIC "-//W3C//DTD XHTML 1.0 Transitional//EN"
    "http://www.w3.org/TR/xhtml1/DTD/xhtml1-transitional.dtd">
<html xmlns="http://www.w3.org/1999/xhtml" xml:lang="en" lang="en">
 <head>
  <title>
</title>
<meta http-equiv="Content-Type" content="text/html;charset=utf-8" />
  <meta name='ocr-system' content='tesseract 3.04.00' />
  <meta name='ocr-capabilities' content='ocr_page ocr_carea ocr_par ocr_line ocrx_word'/>
</head>
<body>
  <div class='ocr_page' id='page_1' title='image "./symbolaecritica00unkngoog_0094.png"; bbox 0 0 3200 5175; ppageno 0'>
   <div class='ocr_carea' id='block_1_1' title="bbox 1498 317 2010 394">
    <p class='ocr_par' dir='ltr' id='par_1_1' title="bbox 1498 317 2010 394">
     <span class='ocr_line' id='line_1_1' title="bbox 1498 317 2010 394; baseline 0.023 -12"><span class='ocrx_word' id='word_1_1' title='bbox 1498 317 2010 394; x_wconf 80' lang='lat'><strong>-82—.</strong></span> 
     </span>
    </p>
   </div>
   <div class='ocr_carea' id='block_1_2' title="bbox 555 486 2875 3576">
    <p class='ocr_par' dir='ltr' id='par_1_2' title="bbox 559 486 2875 1443">
     <span class='ocr_line' id='line_1_2' title="bbox 744 486 2867 586; baseline 0 -24"><span class='ocrx_word' id='word_1_2' title='bbox 744 493 814 562; x_wconf 81' lang='lat' dir='ltr'><strong>O.</strong></span> <span class='ocrx_word' id='word_1_3' title='bbox 856 499 932 564; x_wconf 91' lang='lat' dir='ltr'><strong>ll</strong></span> <span class='ocrx_word' id='word_1_4' title='bbox 985 497 1074 586; x_wconf 90' lang='lat' dir='ltr'><strong>(p.</strong></span> <span class='ocrx_word' id='word_1_5' title='bbox 1111 495 1364 585; x_wconf 80' lang='lat' dir='ltr'>471b):</span> <span class='ocrx_word' id='word_1_6' title='bbox 1412 493 1661 586; x_wconf 75' lang='grc' dir='ltr'><strong><em>ἑκάστῳ</em></strong></span> <span class='ocrx_word' id='word_1_7' title='bbox 1706 521 1771 562; x_wconf 93' lang='grc' dir='ltr'><strong>τι</strong></span> <span class='ocrx_word' id='word_1_8' title='bbox 1808 534 1894 544; x_wconf 90' lang='lat'><strong>--</strong></span> <span class='ocrx_word' id='word_1_9' title='bbox 1932 491 2127 581; x_wconf 75' lang='grc' dir='ltr'><strong><em>ἡμῶν</em></strong></span> <span class='ocrx_word' id='word_1_10' title='bbox 2173 491 2385 562; x_wconf 86' lang='grc' dir='ltr'><strong><em>κακόν</em></strong></span> <span class='ocrx_word' id='word_1_11' title='bbox 2431 495 2641 563; x_wconf 75' lang='grc' dir='ltr'><strong><em>ἐστιν·</em></strong></span> <span class='ocrx_word' id='word_1_12' title='bbox 2688 486 2742 586; x_wconf 71' lang='grc' dir='ltr'><em>ᾧ</em></span> <span class='ocrx_word' id='word_1_13' title='bbox 2790 494 2867 562; x_wconf 72' lang='grc' dir='ltr'><strong>δὲ</strong></span> 
     </span>
     <span class='ocr_line' id='line_1_3' title="bbox 564 598 2870 691; baseline 0 -21"><span class='ocrx_word' id='word_1_14' title='bbox 564 601 865 690; x_wconf 80' lang='grc' dir='ltr'><strong><em>τούμὸν</em></strong></span> <span class='ocrx_word' id='word_1_15' title='bbox 929 598 1164 690; x_wconf 77' lang='grc' dir='ltr'><strong><em>ἄριστα</em></strong></span> <span class='ocrx_word' id='word_1_16' title='bbox 1219 600 1505 691; x_wconf 77' lang='grc' dir='ltr'><strong><em>πράττει.</em></strong></span> <span class='ocrx_word' id='word_1_17' title='bbox 1595 604 1731 669; x_wconf 91' lang='lat' dir='ltr'><strong>Alii</strong></span> <span class='ocrx_word' id='word_1_18' title='bbox 1786 602 1967 668; x_wconf 89' lang='lat' dir='ltr'><strong>codd.</strong></span> <span class='ocrx_word' id='word_1_19' title='bbox 2021 602 2219 668; x_wconf 85' lang='grc' dir='ltr'><strong><em>τοῦτο</em></strong></span> <span class='ocrx_word' id='word_1_20' title='bbox 2278 599 2494 688; x_wconf 89' lang='grc' dir='ltr'><strong><em>μόνον</em></strong></span> <span class='ocrx_word' id='word_1_21' title='bbox 2547 625 2670 688; x_wconf 85' lang='lat' dir='ltr'><strong>pro</strong></span> <span class='ocrx_word' id='word_1_22' title='bbox 2715 599 2870 670; x_wconf 80' lang='grc' dir='ltr'><strong>τοῦ-</strong></span> 
     </span>
     <span class='ocr_line' id='line_1_4' title="bbox 567 705 2867 797; baseline -0.001 -19"><span class='ocrx_word' id='word_1_23' title='bbox 567 708 716 797; x_wconf 89' lang='grc' dir='ltr'><strong><em>μόν.</em></strong></span> <span class='ocrx_word' id='word_1_24' title='bbox 788 710 1154 796; x_wconf 82' lang='lat' dir='ltr'><strong>Madvigius</strong></span> <span class='ocrx_word' id='word_1_25' title='bbox 1203 711 1565 778; x_wconf 85' lang='lat' dir='ltr'><strong>annotavit:</strong></span> <span class='ocrx_word' id='word_1_26' title='bbox 1622 710 1995 796; x_wconf 79' lang='lat' dir='ltr'><strong>‘requiritur</strong></span> <span class='ocrx_word' id='word_1_27' title='bbox 2037 705 2505 795; x_wconf 79' lang='grc' dir='ltr'><strong><em>τούλάχιστον,</em></strong></span> <span class='ocrx_word' id='word_1_28' title='bbox 2552 711 2665 777; x_wconf 87' lang='lat' dir='ltr'><strong>sed</strong></span> <span class='ocrx_word' id='word_1_29' title='bbox 2714 734 2867 797; x_wconf 89' lang='lat' dir='ltr'><strong>pro-</strong></span> 
     </span>
     <span class='ocr_line' id='line_1_5' title="bbox 563 811 2865 903; baseline -0 -21"><span class='ocrx_word' id='word_1_30' title='bbox 563 819 709 903; x_wconf 86' lang='lat' dir='ltr'><strong>pius</strong></span> <span class='ocrx_word' id='word_1_31' title='bbox 757 817 1016 883; x_wconf 66' lang='lat' dir='ltr'><strong>accedit</strong></span> <span class='ocrx_word' id='word_1_32' title='bbox 1051 818 1120 882; x_wconf 89' lang='lat' dir='ltr'><strong>in</strong></span> <span class='ocrx_word' id='word_1_33' title='bbox 1155 816 1393 882; x_wconf 80' lang='lat' dir='ltr'><strong>Pittaci</strong></span> <span class='ocrx_word' id='word_1_34' title='bbox 1439 817 1613 884; x_wconf 88' lang='lat' dir='ltr'><strong>dicto</strong></span> <span class='ocrx_word' id='word_1_35' title='bbox 1650 816 1921 882; x_wconf 80' lang='lat' dir='ltr'>Aeolica</span> <span class='ocrx_word' id='word_1_36' title='bbox 1964 815 2177 882; x_wconf 85' lang='lat' dir='ltr'><strong>forma</strong></span> <span class='ocrx_word' id='word_1_37' title='bbox 2218 811 2295 882; x_wconf 84' lang='grc' dir='ltr'><strong><em>τὸ</em></strong></span> <span class='ocrx_word' id='word_1_38' title='bbox 2342 816 2657 901; x_wconf 77' lang='grc' dir='ltr'><strong><em>μετστον.’</em></strong></span> <span class='ocrx_word' id='word_1_39' title='bbox 2724 816 2865 882; x_wconf 83' lang='lat' dir='ltr'><strong>Pit-</strong></span> 
     </span>
     <span class='ocr_line' id='line_1_6' title="bbox 561 921 2867 1011; baseline -0.001 -20"><span class='ocrx_word' id='word_1_40' title='bbox 561 927 691 991; x_wconf 83' lang='lat' dir='ltr'><strong>taci</strong></span> <span class='ocrx_word' id='word_1_41' title='bbox 736 926 979 991; x_wconf 90' lang='lat' dir='ltr'><strong>dictum</strong></span> <span class='ocrx_word' id='word_1_42' title='bbox 1017 923 1384 1011; x_wconf 79' lang='lat' dir='ltr'><strong>Madvigius</strong></span> <span class='ocrx_word' id='word_1_43' title='bbox 1429 921 1600 990; x_wconf 85' lang='lat' dir='ltr'><strong>male</strong></span> <span class='ocrx_word' id='word_1_44' title='bbox 1645 923 1971 990; x_wconf 71' lang='lat' dir='ltr'><strong>intellexit</strong></span> <span class='ocrx_word' id='word_1_45' title='bbox 2014 943 2223 1008; x_wconf 88' lang='lat' dir='ltr'><strong>neque</strong></span> <span class='ocrx_word' id='word_1_46' title='bbox 2268 924 2655 1008; x_wconf 73' lang='lat' dir='ltr'><strong>interpretes</strong></span> <span class='ocrx_word' id='word_1_47' title='bbox 2692 925 2867 988; x_wconf 87' lang='lat' dir='ltr'><strong>clare</strong></span> 
     </span>
     <span class='ocr_line' id='line_1_7' title="bbox 559 1018 2869 1116; baseline -0 -19"><span class='ocrx_word' id='word_1_48' title='bbox 559 1033 1008 1098; x_wconf 89' lang='lat' dir='ltr'><strong>reddiderunt:</strong></span> <span class='ocrx_word' id='word_1_49' title='bbox 1055 1030 1486 1097; x_wconf 79' lang='lat' dir='ltr'><strong>‘felicissimus</strong></span> <span class='ocrx_word' id='word_1_50' title='bbox 1531 1031 1657 1116; x_wconf 85' lang='lat' dir='ltr'><strong>hic,</strong></span> <span class='ocrx_word' id='word_1_51' title='bbox 1701 1030 1803 1096; x_wconf 91' lang='lat' dir='ltr'><strong>cui</strong></span> <span class='ocrx_word' id='word_1_52' title='bbox 1840 1031 1965 1096; x_wconf 91' lang='lat' dir='ltr'><strong>hoc</strong></span> <span class='ocrx_word' id='word_1_53' title='bbox 2000 1028 2301 1096; x_wconf 88' lang='lat' dir='ltr'><strong>tantum&#39;.</strong></span> <span class='ocrx_word' id='word_1_54' title='bbox 2336 1067 2411 1078; x_wconf 87' lang='lat'><strong>—-</strong></span> <span class='ocrx_word' id='word_1_55' title='bbox 2452 1018 2561 1095; x_wconf 80' lang='grc' dir='ltr'><strong><em>Ὦι</em></strong></span> <span class='ocrx_word' id='word_1_56' title='bbox 2600 1027 2678 1095; x_wconf 72' lang='grc' dir='ltr'><strong>δὲ</strong></span> <span class='ocrx_word' id='word_1_57' title='bbox 2712 1025 2869 1096; x_wconf 83' lang='grc' dir='ltr'><strong>τού-</strong></span> 
     </span>
     <span class='ocr_line' id='line_1_8' title="bbox 560 1133 2871 1224; baseline 0 -21"><span class='ocrx_word' id='word_1_58' title='bbox 560 1134 715 1223; x_wconf 88' lang='grc' dir='ltr'><strong><em>μόν,</em></strong></span> <span class='ocrx_word' id='word_1_59' title='bbox 753 1139 856 1204; x_wconf 79' lang='lat' dir='ltr'><strong>oui</strong></span> <span class='ocrx_word' id='word_1_60' title='bbox 889 1159 1094 1204; x_wconf 77' lang='lat' dir='ltr'><strong>meum</strong></span> <span class='ocrx_word' id='word_1_61' title='bbox 1119 1139 1358 1204; x_wconf 72' lang='lat' dir='ltr'><strong>malum</strong></span> <span class='ocrx_word' id='word_1_62' title='bbox 1383 1144 1488 1219; x_wconf 81' lang='lat' dir='ltr'><strong>est,</strong></span> <span class='ocrx_word' id='word_1_63' title='bbox 1523 1139 1739 1205; x_wconf 88' lang='lat' dir='ltr'><strong>iocose</strong></span> <span class='ocrx_word' id='word_1_64' title='bbox 1768 1138 1949 1224; x_wconf 83' lang='lat' dir='ltr'><strong>dixit,</strong></span> <span class='ocrx_word' id='word_1_65' title='bbox 1986 1160 2173 1204; x_wconf 85' lang='lat' dir='ltr'><strong>suam</strong></span> <span class='ocrx_word' id='word_1_66' title='bbox 2201 1138 2587 1222; x_wconf 81' lang='lat' dir='ltr'><strong>patientiam</strong></span> <span class='ocrx_word' id='word_1_67' title='bbox 2614 1142 2683 1203; x_wconf 89' lang='lat' dir='ltr'><strong>et</strong></span> <span class='ocrx_word' id='word_1_68' title='bbox 2708 1133 2871 1224; x_wconf 83' lang='grc' dir='ltr'><strong><em>ἀορ-</em></strong></span> 
     </span>
     <span class='ocr_line' id='line_1_9' title="bbox 563 1240 2875 1331; baseline 0 -21"><span class='ocrx_word' id='word_1_69' title='bbox 563 1248 806 1330; x_wconf 84' lang='grc' dir='ltr'><strong><em>γησίαν</em></strong></span> <span class='ocrx_word' id='word_1_70' title='bbox 851 1246 1256 1331; x_wconf 79' lang='lat' dir='ltr'><strong>intellegen8‚</strong></span> <span class='ocrx_word' id='word_1_71' title='bbox 1303 1247 1488 1331; x_wconf 84' lang='lat' dir='ltr'><strong>quasi</strong></span> <span class='ocrx_word' id='word_1_72' title='bbox 1531 1246 1824 1312; x_wconf 81' lang='lat' dir='ltr'><strong>dixisset:</strong></span> <span class='ocrx_word' id='word_1_73' title='bbox 1880 1243 2027 1330; x_wconf 75' lang='grc' dir='ltr'><strong><em>ἐμοὶ</em></strong></span> <span class='ocrx_word' id='word_1_74' title='bbox 2073 1242 2283 1312; x_wconf 87' lang='grc' dir='ltr'><strong><em>κακόν</em></strong></span> <span class='ocrx_word' id='word_1_75' title='bbox 2330 1244 2466 1310; x_wconf 74' lang='grc' dir='ltr'><strong><em>ἐστι</em></strong></span> <span class='ocrx_word' id='word_1_76' title='bbox 2510 1241 2586 1310; x_wconf 82' lang='grc' dir='ltr'><strong><em>τὸ</em></strong></span> <span class='ocrx_word' id='word_1_77' title='bbox 2624 1241 2717 1330; x_wconf 75' lang='grc' dir='ltr'><strong>μὴ</strong></span> <span class='ocrx_word' id='word_1_78' title='bbox 2758 1240 2875 1329; x_wconf 86' lang='grc' dir='ltr'><strong>ὀρ-</strong></span> 
     </span>
     <span class='ocr_line' id='line_1_10' title="bbox 561 1342 2873 1443; baseline 0 -26"><span class='ocrx_word' id='word_1_79' title='bbox 561 1356 889 1436; x_wconf 75' lang='grc' dir='ltr'><strong><em>γίζεσθαι·</em></strong></span> <span class='ocrx_word' id='word_1_80' title='bbox 937 1342 990 1443; x_wconf 73' lang='grc' dir='ltr'><em>ᾧ</em></span> <span class='ocrx_word' id='word_1_81' title='bbox 1038 1350 1112 1418; x_wconf 78' lang='grc' dir='ltr'><strong>δὲ</strong></span> <span class='ocrx_word' id='word_1_82' title='bbox 1153 1354 1354 1418; x_wconf 86' lang='grc' dir='ltr'><strong><em>τοῦτο</em></strong></span> <span class='ocrx_word' id='word_1_83' title='bbox 1391 1349 1476 1437; x_wconf 78' lang='grc' dir='ltr'><strong>δὴ</strong></span> <span class='ocrx_word' id='word_1_84' title='bbox 1511 1348 1767 1438; x_wconf 83' lang='grc' dir='ltr'><strong><em>τούμὸν</em></strong></span> <span class='ocrx_word' id='word_1_85' title='bbox 1803 1348 2017 1418; x_wconf 88' lang='grc' dir='ltr'><strong><em>κακόν</em></strong></span> <span class='ocrx_word' id='word_1_86' title='bbox 2052 1351 2259 1435; x_wconf 82' lang='grc' dir='ltr'><strong><em>ἐστιν,</em></strong></span> <span class='ocrx_word' id='word_1_87' title='bbox 2302 1348 2543 1438; x_wconf 76' lang='grc' dir='ltr'><strong><em>ἄριστα</em></strong></span> <span class='ocrx_word' id='word_1_88' title='bbox 2576 1348 2873 1437; x_wconf 80' lang='grc' dir='ltr'><strong><em>πράττει.</em></strong></span> 
     </span>
    </p>

    <p class='ocr_par' dir='ltr' id='par_1_3' title="bbox 555 1456 2873 1760">
     <span class='ocr_line' id='line_1_11' title="bbox 739 1456 2870 1545; baseline -0 -20"><span class='ocrx_word' id='word_1_89' title='bbox 739 1459 846 1525; x_wconf 77' lang='lat' dir='ltr'><strong>De</strong></span> <span class='ocrx_word' id='word_1_90' title='bbox 901 1474 1144 1524; x_wconf 78' lang='lat' dir='ltr'><strong>amore</strong></span> <span class='ocrx_word' id='word_1_91' title='bbox 1198 1456 1528 1525; x_wconf 69' lang='lat' dir='ltr'><strong>fraterno</strong></span> <span class='ocrx_word' id='word_1_92' title='bbox 1583 1481 1637 1524; x_wconf 90' lang='lat' dir='ltr'><strong>c.</strong></span> <span class='ocrx_word' id='word_1_93' title='bbox 1689 1459 1773 1524; x_wconf 91' lang='lat'><strong>10</strong></span> <span class='ocrx_word' id='word_1_94' title='bbox 1820 1458 1910 1544; x_wconf 90' lang='lat' dir='ltr'><strong>(p.</strong></span> <span class='ocrx_word' id='word_1_95' title='bbox 1955 1459 2089 1526; x_wconf 89' lang='lat'><strong>483</strong></span> <span class='ocrx_word' id='word_1_96' title='bbox 2117 1457 2185 1545; x_wconf 88' lang='lat' dir='ltr'><strong>a)</strong></span> <span class='ocrx_word' id='word_1_97' title='bbox 2244 1459 2870 1545; x_wconf 83' lang='lat' dir='ltr'><strong>interpungendum:</strong></span> 
     </span>
     <span class='ocr_line' id='line_1_12' title="bbox 555 1560 2873 1653; baseline -0 -21"><span class='ocrx_word' id='word_1_98' title='bbox 555 1564 666 1632; x_wconf 85' lang='grc' dir='ltr'><strong>καὶ</strong></span> <span class='ocrx_word' id='word_1_99' title='bbox 712 1566 1180 1633; x_wconf 76' lang='grc' dir='ltr'><strong><em>καθάπτεσθαι</em></strong></span> <span class='ocrx_word' id='word_1_100' title='bbox 1225 1562 1709 1652; x_wconf 87' lang='grc' dir='ltr'><strong><em>σφοδρότερον,</em></strong></span> <span class='ocrx_word' id='word_1_101' title='bbox 1752 1561 1827 1632; x_wconf 83' lang='grc' dir='ltr'><strong><em>τὸ</em></strong></span> <span class='ocrx_word' id='word_1_102' title='bbox 1876 1561 2229 1653; x_wconf 78' lang='grc' dir='ltr'><strong><em>ἁμάρτημα</em></strong></span> <span class='ocrx_word' id='word_1_103' title='bbox 2272 1563 2383 1631; x_wconf 77' lang='grc' dir='ltr'><strong>καὶ</strong></span> <span class='ocrx_word' id='word_1_104' title='bbox 2427 1560 2505 1631; x_wconf 86' lang='grc' dir='ltr'><strong><em>τὸ</em></strong></span> <span class='ocrx_word' id='word_1_105' title='bbox 2552 1567 2873 1652; x_wconf 73' lang='grc' dir='ltr'><strong>ἔλλειμμα</strong></span> 
     </span>
     <span class='ocr_line' id='line_1_13' title="bbox 559 1669 1547 1760; baseline 0 -22"><span class='ocrx_word' id='word_1_106' title='bbox 559 1669 722 1758; x_wconf 76' lang='grc' dir='ltr'><strong><em>μετὰ</em></strong></span> <span class='ocrx_word' id='word_1_107' title='bbox 765 1695 961 1760; x_wconf 88' lang='grc' dir='ltr'><strong><em>παρρ.</em></strong></span> <span class='ocrx_word' id='word_1_108' title='bbox 1009 1671 1547 1757; x_wconf 81' lang='grc' dir='ltr'><strong><em>ἐνδεικνύμενον.</em></strong></span> 
     </span>
    </p>

    <p class='ocr_par' dir='ltr' id='par_1_4' title="bbox 557 1770 2871 3041">
     <span class='ocr_line' id='line_1_14' title="bbox 743 1770 2871 1868; baseline -0 -22"><span class='ocrx_word' id='word_1_109' title='bbox 743 1778 815 1846; x_wconf 86' lang='lat' dir='ltr'><strong>C.</strong></span> <span class='ocrx_word' id='word_1_110' title='bbox 868 1782 950 1847; x_wconf 87' lang='lat'><strong>13</strong></span> <span class='ocrx_word' id='word_1_111' title='bbox 994 1780 1086 1868; x_wconf 88' lang='lat' dir='ltr'><strong>(p.</strong></span> <span class='ocrx_word' id='word_1_112' title='bbox 1121 1777 1367 1866; x_wconf 81' lang='lat' dir='ltr'>485b):</span> <span class='ocrx_word' id='word_1_113' title='bbox 1413 1773 1451 1844; x_wconf 81' lang='grc' dir='ltr'>ὁ</span> <span class='ocrx_word' id='word_1_114' title='bbox 1501 1775 1576 1845; x_wconf 74' lang='grc' dir='ltr'><strong>δὲ</strong></span> <span class='ocrx_word' id='word_1_115' title='bbox 1620 1776 1731 1844; x_wconf 78' lang='grc' dir='ltr'><strong>καὶ</strong></span> <span class='ocrx_word' id='word_1_116' title='bbox 1778 1773 2110 1863; x_wconf 85' lang='grc' dir='ltr'><strong><em>συνεργὸν</em></strong></span> <span class='ocrx_word' id='word_1_117' title='bbox 2157 1777 2233 1844; x_wconf 75' lang='grc' dir='ltr'><strong><em>ἐν</em></strong></span> <span class='ocrx_word' id='word_1_118' title='bbox 2281 1770 2382 1856; x_wconf 83' lang='grc' dir='ltr'><strong>οἷς</strong></span> <span class='ocrx_word' id='word_1_119' title='bbox 2426 1779 2619 1844; x_wconf 76' lang='grc' dir='ltr'><strong><em>δοκεῖ</em></strong></span> <span class='ocrx_word' id='word_1_120' title='bbox 2656 1782 2871 1864; x_wconf 86' lang='grc' dir='ltr'><strong><em>κρείτ-</em></strong></span> 
     </span>
     <span class='ocr_line' id='line_1_15' title="bbox 557 1878 2871 1971; baseline 0.001 -21"><span class='ocrx_word' id='word_1_121' title='bbox 557 1909 696 1951; x_wconf 89' lang='grc' dir='ltr'><strong>των</strong></span> <span class='ocrx_word' id='word_1_122' title='bbox 740 1881 940 1963; x_wconf 83' lang='grc' dir='ltr'><strong><em>αὐτὸς</em></strong></span> <span class='ocrx_word' id='word_1_123' title='bbox 985 1881 1159 1953; x_wconf 85' lang='grc' dir='ltr'><strong><em>εἶναι</em></strong></span> <span class='ocrx_word' id='word_1_124' title='bbox 1205 1884 1609 1971; x_wconf 84' lang='grc' dir='ltr'><strong><em>ποιούμενος</em></strong></span> <span class='ocrx_word' id='word_1_125' title='bbox 1651 1881 1770 1951; x_wconf 87' lang='grc' dir='ltr'><strong>τὸν</strong></span> <span class='ocrx_word' id='word_1_126' title='bbox 1816 1879 2116 1971; x_wconf 84' lang='grc' dir='ltr'><strong><em>ἀδελφὸν</em></strong></span> <span class='ocrx_word' id='word_1_127' title='bbox 2161 1878 2265 1950; x_wconf 84' lang='grc' dir='ltr'><strong>ἀεὶ</strong></span> <span class='ocrx_word' id='word_1_128' title='bbox 2301 1883 2412 1950; x_wconf 82' lang='grc' dir='ltr'><strong>καὶ</strong></span> <span class='ocrx_word' id='word_1_129' title='bbox 2450 1881 2871 1971; x_wconf 84' lang='grc' dir='ltr'><strong><em>σύμβουλον,</em></strong></span> 
     </span>
     <span class='ocr_line' id='line_1_16' title="bbox 561 1985 2868 2078; baseline -0 -19"><span class='ocrx_word' id='word_1_130' title='bbox 561 1985 710 2059; x_wconf 85' lang='grc' dir='ltr'><strong><em>οἷον</em></strong></span> <span class='ocrx_word' id='word_1_131' title='bbox 764 1992 841 2059; x_wconf 80' lang='grc' dir='ltr'><strong><em>ἐν</em></strong></span> <span class='ocrx_word' id='word_1_132' title='bbox 895 1995 1112 2070; x_wconf 80' lang='grc' dir='ltr'><strong><em>δίκαις</em></strong></span> <span class='ocrx_word' id='word_1_133' title='bbox 1175 1987 1523 2078; x_wconf 73' lang='grc' dir='ltr'><strong><em>ῥητορικὸς</em></strong></span> <span class='ocrx_word' id='word_1_134' title='bbox 1574 1987 1705 2077; x_wconf 76' lang='grc' dir='ltr'><strong><em>ὤν,</em></strong></span> <span class='ocrx_word' id='word_1_135' title='bbox 1772 1990 1846 2058; x_wconf 78' lang='grc' dir='ltr'><strong><em>ἐν</em></strong></span> <span class='ocrx_word' id='word_1_136' title='bbox 1901 1986 2134 2077; x_wconf 80' lang='grc' dir='ltr'><strong><em>ἀρχαῖς</em></strong></span> <span class='ocrx_word' id='word_1_137' title='bbox 2188 1989 2733 2077; x_wconf 83' lang='grc' dir='ltr'><strong><em>πολιτευόμενος,</em></strong></span> <span class='ocrx_word' id='word_1_138' title='bbox 2786 1992 2868 2058; x_wconf 76' lang='grc' dir='ltr'><strong><em>ἐν</em></strong></span> 
     </span>
     <span class='ocr_line' id='line_1_17' title="bbox 559 2094 2866 2185; baseline -0 -20"><span class='ocrx_word' id='word_1_139' title='bbox 559 2099 837 2185; x_wconf 78' lang='grc' dir='ltr'><strong><em>πράξεσι</em></strong></span> <span class='ocrx_word' id='word_1_140' title='bbox 883 2105 1020 2185; x_wconf 87' lang='grc' dir='ltr'><strong><em>φιλ</em></strong></span> <span class='ocrx_word' id='word_1_141' title='bbox 1035 2123 1164 2165; x_wconf 89' lang='grc' dir='ltr'><strong>ικα</strong></span> <span class='ocrx_word' id='word_1_142' title='bbox 1176 2111 1206 2166; x_wconf 78' lang='lat' dir='ltr'><strong>t</strong></span> <span class='ocrx_word' id='word_1_143' title='bbox 1213 2122 1263 2177; x_wconf 88' lang='grc' dir='ltr'><strong>ς.</strong></span> <span class='ocrx_word' id='word_1_144' title='bbox 1327 2099 1630 2184; x_wconf 79' lang='lat' dir='ltr'><strong>Optimus</strong></span> <span class='ocrx_word' id='word_1_145' title='bbox 1676 2100 1877 2167; x_wconf 82' lang='lat' dir='ltr'><strong>codex</strong></span> <span class='ocrx_word' id='word_1_146' title='bbox 1904 2098 1974 2166; x_wconf 83' lang='lat' dir='ltr'><strong>C.</strong></span> <span class='ocrx_word' id='word_1_147' title='bbox 2018 2100 2287 2185; x_wconf 80' lang='lat' dir='ltr'><strong>praebet</strong></span> <span class='ocrx_word' id='word_1_148' title='bbox 2322 2094 2608 2184; x_wconf 79' lang='grc' dir='ltr'><strong><em>φιλικός.</em></strong></span> <span class='ocrx_word' id='word_1_149' title='bbox 2682 2098 2866 2164; x_wconf 78' lang='lat' dir='ltr'><strong>Mad-</strong></span> 
     </span>
     <span class='ocr_line' id='line_1_18' title="bbox 565 2205 2865 2293; baseline -0.001 -21"><span class='ocrx_word' id='word_1_150' title='bbox 565 2207 780 2293; x_wconf 83' lang='lat' dir='ltr'><strong>vigius</strong></span> <span class='ocrx_word' id='word_1_151' title='bbox 837 2211 1137 2272; x_wconf 83' lang='lat' dir='ltr'><strong>annotat:</strong></span> <span class='ocrx_word' id='word_1_152' title='bbox 1196 2205 1502 2274; x_wconf 81' lang='lat' dir='ltr'><strong>‘orationi</strong></span> <span class='ocrx_word' id='word_1_153' title='bbox 1556 2211 1624 2272; x_wconf 90' lang='lat' dir='ltr'><strong>et</strong></span> <span class='ocrx_word' id='word_1_154' title='bbox 1676 2208 1925 2273; x_wconf 89' lang='lat' dir='ltr'><strong>formae</strong></span> <span class='ocrx_word' id='word_1_155' title='bbox 1960 2207 2341 2273; x_wconf 77' lang='lat' dir='ltr'><strong>sententiae</strong></span> <span class='ocrx_word' id='word_1_156' title='bbox 2386 2205 2713 2272; x_wconf 80' lang='lat' dir='ltr'><strong>satisfacit</strong></span> <span class='ocrx_word' id='word_1_157' title='bbox 2757 2229 2865 2290; x_wconf 87' lang='grc' dir='ltr'><strong><em>φι-</em></strong></span> 
     </span>
     <span class='ocr_line' id='line_1_19' title="bbox 558 2309 2863 2400; baseline 0 -22"><span class='ocrx_word' id='word_1_158' title='bbox 558 2309 744 2390; x_wconf 87' lang='grc' dir='ltr'><strong><em>λικὸς</em></strong></span> <span class='ocrx_word' id='word_1_159' title='bbox 771 2309 960 2400; x_wconf 73' lang='grc' dir='ltr'><strong><em>(ὤν);</em></strong></span> <span class='ocrx_word' id='word_1_160' title='bbox 1004 2315 1151 2399; x_wconf 86' lang='lat' dir='ltr'><strong>ipsa</strong></span> <span class='ocrx_word' id='word_1_161' title='bbox 1197 2315 1524 2380; x_wconf 81' lang='lat' dir='ltr'><strong>sententia</strong></span> <span class='ocrx_word' id='word_1_162' title='bbox 1569 2314 1748 2380; x_wconf 91' lang='lat' dir='ltr'><strong>aliud</strong></span> <span class='ocrx_word' id='word_1_163' title='bbox 1793 2314 2181 2380; x_wconf 84' lang='lat' dir='ltr'><strong>adiectivum</strong></span> <span class='ocrx_word' id='word_1_164' title='bbox 2218 2311 2528 2399; x_wconf 71' lang='lat' dir='ltr'><strong>requirit?</strong></span> <span class='ocrx_word' id='word_1_165' title='bbox 2594 2313 2863 2400; x_wconf 77' lang='lat' dir='ltr'><strong>Patzig:</strong></span> 
     </span>
     <span class='ocr_line' id='line_1_20' title="bbox 561 2415 2863 2506; baseline 0 -22"><span class='ocrx_word' id='word_1_166' title='bbox 561 2416 891 2506; x_wconf 87' lang='grc' dir='ltr'><strong><em>φιλεργός.</em></strong></span> <span class='ocrx_word' id='word_1_167' title='bbox 943 2457 1018 2468; x_wconf 91' lang='grc'>-</span> <span class='ocrx_word' id='word_1_168' title='bbox 1072 2419 1368 2487; x_wconf 85' lang='lat' dir='ltr'><strong>Gonicio:</strong></span> <span class='ocrx_word' id='word_1_169' title='bbox 1434 2419 1507 2487; x_wconf 80' lang='grc' dir='ltr'><strong><em>ἐν</em></strong></span> <span class='ocrx_word' id='word_1_170' title='bbox 1562 2415 1839 2506; x_wconf 80' lang='grc' dir='ltr'><strong><em>πράξεσι</em></strong></span> <span class='ocrx_word' id='word_1_171' title='bbox 1894 2425 2255 2505; x_wconf 76' lang='grc' dir='ltr'><strong><em>φιλικαῖς</em></strong></span> <span class='ocrx_word' id='word_1_172' title='bbox 2302 2415 2658 2504; x_wconf 89' lang='grc' dir='ltr'><strong><em>[φιλικός],</em></strong></span> <span class='ocrx_word' id='word_1_173' title='bbox 2718 2420 2863 2485; x_wconf 93' lang='lat' dir='ltr'><strong>coll.</strong></span> 
     </span>
     <span class='ocr_line' id='line_1_21' title="bbox 559 2522 2870 2623; baseline 0.001 -32"><span class='ocrx_word' id='word_1_174' title='bbox 559 2525 803 2593; x_wconf 89' lang='lat' dir='ltr'><strong>Pulluc.</strong></span> <span class='ocrx_word' id='word_1_175' title='bbox 860 2526 987 2612; x_wconf 88' lang='grc' dir='ltr'><strong>ΙΙΙ,</strong></span> <span class='ocrx_word' id='word_1_176' title='bbox 1043 2529 1156 2594; x_wconf 81' lang='lat'><strong>62:</strong></span> <span class='ocrx_word' id='word_1_177' title='bbox 1220 2522 1257 2593; x_wconf 83' lang='grc' dir='ltr'>ὁ</span> <span class='ocrx_word' id='word_1_178' title='bbox 1325 2525 1594 2613; x_wconf 85' lang='grc' dir='ltr'><strong><em>φιλικός</em></strong></span> <span class='ocrx_word' id='word_1_179' title='bbox 1659 2527 1838 2595; x_wconf 82' lang='grc' dir='ltr'><strong><em>ἐστιν</em></strong></span> <span class='ocrx_word' id='word_1_180' title='bbox 1904 2523 1939 2595; x_wconf 85' lang='grc' dir='ltr'>ὁ</span> <span class='ocrx_word' id='word_1_181' title='bbox 2004 2531 2231 2623; x_wconf 82' lang='grc' dir='ltr'><strong><em>φίλοις</em></strong></span> <span class='ocrx_word' id='word_1_182' title='bbox 2292 2528 2587 2613; x_wconf 78' lang='grc' dir='ltr'><strong><em>χρῆσθαι</em></strong></span> <span class='ocrx_word' id='word_1_183' title='bbox 2652 2525 2870 2605; x_wconf 74' lang='grc' dir='ltr'><strong><em>εἰδώς·</em></strong></span> 
     </span>
     <span class='ocr_line' id='line_1_22' title="bbox 559 2629 2865 2722; baseline 0 -23"><span class='ocrx_word' id='word_1_184' title='bbox 559 2657 621 2719; x_wconf 90' lang='lat' dir='ltr'><strong>p.</strong></span> <span class='ocrx_word' id='word_1_185' title='bbox 671 2634 839 2699; x_wconf 81' lang='lat'>1011</span> <span class='ocrx_word' id='word_1_186' title='bbox 872 2656 938 2699; x_wconf 89' lang='lat' dir='ltr'><strong>a:</strong></span> <span class='ocrx_word' id='word_1_187' title='bbox 995 2629 1204 2721; x_wconf 84' lang='grc' dir='ltr'><strong><em>ὑγροί</em></strong></span> <span class='ocrx_word' id='word_1_188' title='bbox 1250 2657 1428 2713; x_wconf 89' lang='grc' dir='ltr'><strong><em>τινες</em></strong></span> <span class='ocrx_word' id='word_1_189' title='bbox 1479 2630 1653 2701; x_wconf 83' lang='grc' dir='ltr'><strong><em>εἶναι</em></strong></span> <span class='ocrx_word' id='word_1_190' title='bbox 1696 2634 1810 2702; x_wconf 86' lang='grc' dir='ltr'><strong>καὶ</strong></span> <span class='ocrx_word' id='word_1_191' title='bbox 1856 2639 2176 2721; x_wconf 89' lang='grc' dir='ltr'><strong><em>φιλικοί</em></strong></span> <span class='ocrx_word' id='word_1_192' title='bbox 2214 2633 2510 2722; x_wconf 85' lang='lat' dir='ltr'><strong>(suorum</strong></span> <span class='ocrx_word' id='word_1_193' title='bbox 2558 2634 2865 2721; x_wconf 88' lang='lat' dir='ltr'><strong>studiosi)</strong></span> 
     </span>
     <span class='ocr_line' id='line_1_23' title="bbox 563 2736 2863 2827; baseline 0.001 -22"><span class='ocrx_word' id='word_1_194' title='bbox 563 2741 862 2806; x_wconf 84' lang='grc' dir='ltr'><strong><em>δοκοῦσι.</em></strong></span> <span class='ocrx_word' id='word_1_195' title='bbox 952 2738 1194 2825; x_wconf 89' lang='lat' dir='ltr'><strong>Utique</strong></span> <span class='ocrx_word' id='word_1_196' title='bbox 1242 2743 1715 2826; x_wconf 85' lang='lat' dir='ltr'><strong>comparandus</strong></span> <span class='ocrx_word' id='word_1_197' title='bbox 1762 2746 1864 2809; x_wconf 88' lang='lat' dir='ltr'><strong>est</strong></span> <span class='ocrx_word' id='word_1_198' title='bbox 1907 2744 2085 2808; x_wconf 87' lang='lat' dir='ltr'><strong>locus</strong></span> <span class='ocrx_word' id='word_1_199' title='bbox 2132 2764 2194 2827; x_wconf 89' lang='lat' dir='ltr'><strong>p.</strong></span> <span class='ocrx_word' id='word_1_200' title='bbox 2240 2742 2329 2807; x_wconf 79' lang='lat'><strong>92</strong></span> <span class='ocrx_word' id='word_1_201' title='bbox 2357 2764 2417 2807; x_wconf 86' lang='lat' dir='ltr'><strong>c:</strong></span> <span class='ocrx_word' id='word_1_202' title='bbox 2478 2736 2515 2807; x_wconf 87' lang='grc' dir='ltr'>ὁ</span> <span class='ocrx_word' id='word_1_203' title='bbox 2564 2739 2687 2827; x_wconf 71' lang='grc' dir='ltr'><strong><em>μὲν</em></strong></span> <span class='ocrx_word' id='word_1_204' title='bbox 2734 2737 2863 2826; x_wconf 79' lang='grc' dir='ltr'><strong>γὰρ</strong></span> 
     </span>
     <span class='ocr_line' id='line_1_24' title="bbox 563 2842 2863 2937; baseline 0.001 -24"><span class='ocrx_word' id='word_1_205' title='bbox 563 2843 835 2937; x_wconf 78' lang='grc' dir='ltr'><strong><em>εὐτυχίᾳ</em></strong></span> <span class='ocrx_word' id='word_1_206' title='bbox 881 2846 1230 2934; x_wconf 77' lang='grc' dir='ltr'><strong><em>διαφέρειν</em></strong></span> <span class='ocrx_word' id='word_1_207' title='bbox 1272 2845 1486 2915; x_wconf 83' lang='grc' dir='ltr'><strong><em>αὐτοῦ</em></strong></span> <span class='ocrx_word' id='word_1_208' title='bbox 1531 2845 1655 2915; x_wconf 85' lang='grc' dir='ltr'><strong>τὸν</strong></span> <span class='ocrx_word' id='word_1_209' title='bbox 1700 2844 1950 2935; x_wconf 81' lang='grc' dir='ltr'><strong><em>ἐχθρὸν</em></strong></span> <span class='ocrx_word' id='word_1_210' title='bbox 1995 2843 2373 2934; x_wconf 80' lang='grc' dir='ltr'><strong><em>ἡγούμενος</em></strong></span> <span class='ocrx_word' id='word_1_211' title='bbox 2418 2847 2493 2913; x_wconf 82' lang='grc' dir='ltr'><strong><em>ἐν</em></strong></span> <span class='ocrx_word' id='word_1_212' title='bbox 2539 2842 2777 2934; x_wconf 80' lang='grc' dir='ltr'><strong><em>ἀρχαῖς</em></strong></span> <span class='ocrx_word' id='word_1_213' title='bbox 2819 2842 2863 2932; x_wconf 77' lang='grc' dir='ltr'><em>ἢ</em></span> 
     </span>
     <span class='ocr_line' id='line_1_25' title="bbox 563 2949 2785 3041; baseline -0 -21"><span class='ocrx_word' id='word_1_214' title='bbox 563 2958 1001 3039; x_wconf 74' lang='grc' dir='ltr'><strong><em>συνηγορίαις</em></strong></span> <span class='ocrx_word' id='word_1_215' title='bbox 1043 2949 1086 3039; x_wconf 84' lang='grc' dir='ltr'><em>ἢ</em></span> <span class='ocrx_word' id='word_1_216' title='bbox 1133 2960 1494 3034; x_wconf 82' lang='grc' dir='ltr'><strong><em>πολιτείαις</em></strong></span> <span class='ocrx_word' id='word_1_217' title='bbox 1538 2950 1580 3041; x_wconf 81' lang='grc' dir='ltr'><em>ἢ</em></span> <span class='ocrx_word' id='word_1_218' title='bbox 1626 2953 1807 3041; x_wconf 82' lang='grc' dir='ltr'><strong><em>παρὰ</em></strong></span> <span class='ocrx_word' id='word_1_219' title='bbox 1853 2960 2078 3041; x_wconf 90' lang='grc' dir='ltr'><strong><em>φίλοις</em></strong></span> <span class='ocrx_word' id='word_1_220' title='bbox 2120 2954 2233 3021; x_wconf 81' lang='grc' dir='ltr'><strong>καὶ</strong></span> <span class='ocrx_word' id='word_1_221' title='bbox 2279 2950 2603 3041; x_wconf 83' lang='grc' dir='ltr'><strong><em>ἡγεμόσιν</em></strong></span> <span class='ocrx_word' id='word_1_222' title='bbox 2649 2960 2785 3021; x_wconf 90' lang='grc' dir='ltr'><strong><em>κτλ.</em></strong></span> 
     </span>
    </p>

    <p class='ocr_par' dir='ltr' id='par_1_5' title="bbox 558 3060 2865 3576">
     <span class='ocr_line' id='line_1_26' title="bbox 737 3060 2861 3147; baseline 0.001 -22"><span class='ocrx_word' id='word_1_223' title='bbox 737 3061 842 3126; x_wconf 82' lang='lat' dir='ltr'><strong>De</strong></span> <span class='ocrx_word' id='word_1_224' title='bbox 888 3076 1130 3127; x_wconf 77' lang='lat' dir='ltr'><strong>amore</strong></span> <span class='ocrx_word' id='word_1_225' title='bbox 1173 3061 1406 3145; x_wconf 81' lang='lat' dir='ltr'><strong>prolis</strong></span> <span class='ocrx_word' id='word_1_226' title='bbox 1453 3085 1506 3129; x_wconf 90' lang='lat' dir='ltr'><strong>c.</strong></span> <span class='ocrx_word' id='word_1_227' title='bbox 1549 3066 1580 3128; x_wconf 91' lang='lat'>1</span> <span class='ocrx_word' id='word_1_228' title='bbox 1632 3064 1848 3129; x_wconf 87' lang='lat' dir='ltr'><strong>initio:</strong></span> <span class='ocrx_word' id='word_1_229' title='bbox 1894 3064 2197 3147; x_wconf 80' lang='grc' dir='ltr'><strong><em>ἔκκλητοι</em></strong></span> <span class='ocrx_word' id='word_1_230' title='bbox 2240 3065 2492 3147; x_wconf 82' lang='grc' dir='ltr'><strong><em>κρίσεις</em></strong></span> <span class='ocrx_word' id='word_1_231' title='bbox 2537 3060 2648 3128; x_wconf 81' lang='grc' dir='ltr'><strong>καὶ</strong></span> <span class='ocrx_word' id='word_1_232' title='bbox 2696 3061 2861 3141; x_wconf 83' lang='grc' dir='ltr'><strong><em>ξενι-</em></strong></span> 
     </span>
     <span class='ocr_line' id='line_1_27' title="bbox 559 3162 2860 3255; baseline 0 -23"><span class='ocrx_word' id='word_1_233' title='bbox 559 3168 699 3233; x_wconf 76' lang='grc' dir='ltr'><strong>κῶν</strong></span> <span class='ocrx_word' id='word_1_234' title='bbox 747 3168 1194 3252; x_wconf 85' lang='grc' dir='ltr'><strong><em>δικαστηρίων</em></strong></span> <span class='ocrx_word' id='word_1_235' title='bbox 1229 3162 1550 3251; x_wconf 86' lang='grc' dir='ltr'><strong><em>ἀγωγαί.</em></strong></span> <span class='ocrx_word' id='word_1_236' title='bbox 1619 3167 1803 3245; x_wconf 83' lang='lat' dir='ltr'><strong>Quod</strong></span> <span class='ocrx_word' id='word_1_237' title='bbox 1841 3166 1910 3234; x_wconf 84' lang='lat' dir='ltr'><strong>C.</strong></span> <span class='ocrx_word' id='word_1_238' title='bbox 1938 3166 2279 3235; x_wconf 80' lang='lat' dir='ltr'><strong>Hermann</strong></span> <span class='ocrx_word' id='word_1_239' title='bbox 2314 3169 2657 3254; x_wconf 87' lang='lat' dir='ltr'><strong>proposuit</strong></span> <span class='ocrx_word' id='word_1_240' title='bbox 2691 3162 2860 3255; x_wconf 87' lang='grc' dir='ltr'><strong><em>ἀρω-</em></strong></span> 
     </span>
     <span class='ocr_line' id='line_1_28' title="bbox 561 3274 2863 3361; baseline 0.002 -22"><span class='ocrx_word' id='word_1_241' title='bbox 561 3277 683 3358; x_wconf 89' lang='grc' dir='ltr'><strong>γαί</strong></span> <span class='ocrx_word' id='word_1_242' title='bbox 719 3274 882 3341; x_wconf 84' lang='lat' dir='ltr'><strong>mihi</strong></span> <span class='ocrx_word' id='word_1_243' title='bbox 927 3274 1185 3359; x_wconf 87' lang='lat' dir='ltr'><strong>quidem</strong></span> <span class='ocrx_word' id='word_1_244' title='bbox 1231 3296 1364 3339; x_wconf 88' lang='lat' dir='ltr'><strong>non</strong></span> <span class='ocrx_word' id='word_1_245' title='bbox 1409 3274 1755 3360; x_wconf 84' lang='lat' dir='ltr'><strong>probatur,</strong></span> <span class='ocrx_word' id='word_1_246' title='bbox 1799 3276 1953 3359; x_wconf 88' lang='lat' dir='ltr'><strong>quia</strong></span> <span class='ocrx_word' id='word_1_247' title='bbox 1996 3275 2269 3361; x_wconf 87' lang='lat' dir='ltr'><strong>pluralis</strong></span> <span class='ocrx_word' id='word_1_248' title='bbox 2313 3276 2494 3342; x_wconf 89' lang='lat' dir='ltr'><strong>nullo</strong></span> <span class='ocrx_word' id='word_1_249' title='bbox 2542 3276 2671 3342; x_wconf 89' lang='lat' dir='ltr'><strong>alio</strong></span> <span class='ocrx_word' id='word_1_250' title='bbox 2717 3276 2863 3343; x_wconf 91' lang='lat' dir='ltr'><strong>loco</strong></span> 
     </span>
     <span class='ocr_line' id='line_1_29' title="bbox 559 3381 2865 3467; baseline 0.001 -19"><span class='ocrx_word' id='word_1_251' title='bbox 559 3382 686 3448; x_wconf 87' lang='lat' dir='ltr'><strong>nisi</strong></span> <span class='ocrx_word' id='word_1_252' title='bbox 751 3382 946 3448; x_wconf 86' lang='lat' dir='ltr'><strong>semel</strong></span> <span class='ocrx_word' id='word_1_253' title='bbox 1001 3382 1171 3467; x_wconf 89' lang='lat' dir='ltr'><strong>apud</strong></span> <span class='ocrx_word' id='word_1_254' title='bbox 1218 3381 1621 3467; x_wconf 78' lang='lat' dir='ltr'><strong>Aeschylum</strong></span> <span class='ocrx_word' id='word_1_255' title='bbox 1675 3384 1955 3467; x_wconf 85' lang='lat' dir='ltr'><strong>prostat,</strong></span> <span class='ocrx_word' id='word_1_256' title='bbox 2020 3382 2133 3447; x_wconf 86' lang='lat' dir='ltr'><strong>sed</strong></span> <span class='ocrx_word' id='word_1_257' title='bbox 2186 3381 2469 3449; x_wconf 79' lang='lat' dir='ltr'><strong>maxime</strong></span> <span class='ocrx_word' id='word_1_258' title='bbox 2526 3406 2673 3450; x_wconf 89' lang='lat' dir='ltr'><strong>cum</strong></span> <span class='ocrx_word' id='word_1_259' title='bbox 2722 3406 2865 3450; x_wconf 74' lang='lat' dir='ltr'><strong>sen-</strong></span> 
     </span>
     <span class='ocr_line' id='line_1_30' title="bbox 558 3484 2858 3576; baseline 0.002 -23"><span class='ocrx_word' id='word_1_260' title='bbox 558 3490 766 3555; x_wconf 84' lang='lat' dir='ltr'><strong>tentia</strong></span> <span class='ocrx_word' id='word_1_261' title='bbox 817 3509 949 3554; x_wconf 90' lang='lat' dir='ltr'><strong>non</strong></span> <span class='ocrx_word' id='word_1_262' title='bbox 995 3484 1264 3572; x_wconf 78' lang='grc' dir='ltr'><strong><em>ἀρωγαί</em></strong></span> <span class='ocrx_word' id='word_1_263' title='bbox 1300 3489 1614 3575; x_wconf 87' lang='lat' dir='ltr'><strong>requirat,</strong></span> <span class='ocrx_word' id='word_1_264' title='bbox 1672 3488 1785 3555; x_wconf 86' lang='lat' dir='ltr'><strong>sed</strong></span> <span class='ocrx_word' id='word_1_265' title='bbox 1831 3484 2202 3575; x_wconf 80' lang='grc' dir='ltr'><strong><em>ἐπικλήσεις</em></strong></span> <span class='ocrx_word' id='word_1_266' title='bbox 2247 3486 2560 3576; x_wconf 85' lang='lat' dir='ltr'><strong>(Marcell.</strong></span> <span class='ocrx_word' id='word_1_267' title='bbox 2606 3493 2668 3558; x_wconf 83' lang='lat'><strong>2.</strong></span> <span class='ocrx_word' id='word_1_268' title='bbox 2715 3490 2858 3558; x_wconf 83' lang='lat' dir='ltr'><strong>Cat.</strong></span> 
     </span>
    </p>
   </div>
   <div class='ocr_carea' id='block_1_3' title="bbox 451 3593 2863 3684">
    <p class='ocr_par' dir='ltr' id='par_1_6' title="bbox 451 3593 2863 3684">
     <span class='ocr_line' id='line_1_31' title="bbox 451 3593 2863 3684; baseline 0.001 -24"><span class='ocrx_word' id='word_1_269' title='bbox 451 3604 459 3617; x_wconf 58' lang='lat'>⁸</span> <span class='ocrx_word' id='word_1_270' title='bbox 565 3596 718 3661; x_wconf 90' lang='lat' dir='ltr'><strong>min.</strong></span> <span class='ocrx_word' id='word_1_271' title='bbox 764 3594 906 3681; x_wconf 83' lang='lat'><strong>33):</strong></span> <span class='ocrx_word' id='word_1_272' title='bbox 970 3596 1467 3679; x_wconf 85' lang='lat' dir='ltr'><strong>appellationes,</strong></span> <span class='ocrx_word' id='word_1_273' title='bbox 1533 3618 1728 3682; x_wconf 83' lang='lat' dir='ltr'><strong>quam</strong></span> <span class='ocrx_word' id='word_1_274' title='bbox 1772 3597 2053 3661; x_wconf 79' lang='lat' dir='ltr'><strong>activam</strong></span> <span class='ocrx_word' id='word_1_275' title='bbox 2100 3598 2641 3684; x_wconf 85' lang='lat' dir='ltr'><strong>significationem</strong></span> <span class='ocrx_word' id='word_1_276' title='bbox 2690 3593 2863 3683; x_wconf 88' lang='grc' dir='ltr'><strong><em>ἀρω-</em></strong></span> 
     </span>
    </p>
   </div>
   <div class='ocr_carea' id='block_1_4' title="bbox 558 3700 2864 4546">
    <p class='ocr_par' dir='ltr' id='par_1_7' title="bbox 558 3700 2864 4431">
     <span class='ocr_line' id='line_1_32' title="bbox 562 3700 2864 3791; baseline 0.003 -25"><span class='ocrx_word' id='word_1_277' title='bbox 562 3704 685 3785; x_wconf 88' lang='grc' dir='ltr'><strong>γαί</strong></span> <span class='ocrx_word' id='word_1_278' title='bbox 731 3723 866 3767; x_wconf 90' lang='lat' dir='ltr'><strong>non</strong></span> <span class='ocrx_word' id='word_1_279' title='bbox 918 3700 1137 3767; x_wconf 85' lang='lat' dir='ltr'><strong>habet.</strong></span> <span class='ocrx_word' id='word_1_280' title='bbox 1227 3700 1652 3769; x_wconf 85' lang='lat' dir='ltr'><strong>Scribendum</strong></span> <span class='ocrx_word' id='word_1_281' title='bbox 1698 3703 1975 3769; x_wconf 90' lang='lat' dir='ltr'><strong>conicio:</strong></span> <span class='ocrx_word' id='word_1_282' title='bbox 2030 3701 2458 3791; x_wconf 78' lang='grc' dir='ltr'><strong><em>(ἐπ)αγωγαί;</em></strong></span> <span class='ocrx_word' id='word_1_283' title='bbox 2518 3706 2864 3771; x_wconf 87' lang='lat' dir='ltr'><strong>verborum</strong></span> 
     </span>
     <span class='ocr_line' id='line_1_33' title="bbox 565 3804 2859 3892; baseline 0.003 -19"><span class='ocrx_word' id='word_1_284' title='bbox 565 3806 858 3892; x_wconf 79' lang='grc' dir='ltr'><strong><em>ἐπάγειν,</em></strong></span> <span class='ocrx_word' id='word_1_285' title='bbox 905 3804 1286 3891; x_wconf 79' lang='grc' dir='ltr'><strong><em>ἐπαγωγεύς</em></strong></span> <span class='ocrx_word' id='word_1_286' title='bbox 1328 3810 1398 3874; x_wconf 88' lang='lat' dir='ltr'><strong>in</strong></span> <span class='ocrx_word' id='word_1_287' title='bbox 1444 3833 1514 3876; x_wconf 89' lang='lat' dir='ltr'><strong>re</strong></span> <span class='ocrx_word' id='word_1_288' title='bbox 1561 3810 1898 3877; x_wconf 86' lang='lat' dir='ltr'><strong>iudiciaria</strong></span> <span class='ocrx_word' id='word_1_289' title='bbox 1941 3832 2097 3877; x_wconf 85' lang='lat' dir='ltr'><strong>usus</strong></span> <span class='ocrx_word' id='word_1_290' title='bbox 2140 3815 2338 3879; x_wconf 85' lang='lat' dir='ltr'><strong>notus</strong></span> <span class='ocrx_word' id='word_1_291' title='bbox 2386 3815 2504 3879; x_wconf 88' lang='lat' dir='ltr'><strong>est.</strong></span> <span class='ocrx_word' id='word_1_292' title='bbox 2576 3813 2715 3879; x_wconf 84' lang='lat' dir='ltr'><strong>Aut</strong></span> <span class='ocrx_word' id='word_1_293' title='bbox 2756 3813 2859 3879; x_wconf 88' lang='lat' dir='ltr'><strong>in-</strong></span> 
     </span>
     <span class='ocr_line' id='line_1_34' title="bbox 563 3915 2863 4006; baseline 0.003 -25"><span class='ocrx_word' id='word_1_294' title='bbox 563 3918 813 3981; x_wconf 84' lang='lat' dir='ltr'><strong>tactum</strong></span> <span class='ocrx_word' id='word_1_295' title='bbox 859 3915 1331 4002; x_wconf 88' lang='lat' dir='ltr'><strong>reliquendum;</strong></span> <span class='ocrx_word' id='word_1_296' title='bbox 1377 3917 1765 3983; x_wconf 81' lang='lat' dir='ltr'><strong>Plutarchus</strong></span> <span class='ocrx_word' id='word_1_297' title='bbox 1803 3919 1975 3985; x_wconf 91' lang='lat' dir='ltr'><strong>enim</strong></span> <span class='ocrx_word' id='word_1_298' title='bbox 2014 3920 2211 3985; x_wconf 84' lang='lat' dir='ltr'><strong>etiam</strong></span> <span class='ocrx_word' id='word_1_299' title='bbox 2247 3919 2423 4001; x_wconf 84' lang='lat' dir='ltr'><strong>alibi,</strong></span> <span class='ocrx_word' id='word_1_300' title='bbox 2469 3942 2863 4006; x_wconf 85' lang='lat' dir='ltr'><strong>quamquam</strong></span> 
     </span>
     <span class='ocr_line' id='line_1_35' title="bbox 559 4022 2864 4113; baseline 0.003 -26"><span class='ocrx_word' id='word_1_301' title='bbox 559 4023 630 4087; x_wconf 90' lang='lat' dir='ltr'><strong>in</strong></span> <span class='ocrx_word' id='word_1_302' title='bbox 695 4023 892 4087; x_wconf 87' lang='lat' dir='ltr'><strong>alium</strong></span> <span class='ocrx_word' id='word_1_303' title='bbox 956 4044 1247 4107; x_wconf 86' lang='lat' dir='ltr'><strong>sensum,</strong></span> <span class='ocrx_word' id='word_1_304' title='bbox 1318 4024 1444 4090; x_wconf 87' lang='lat' dir='ltr'><strong>hoc</strong></span> <span class='ocrx_word' id='word_1_305' title='bbox 1508 4025 1920 4091; x_wconf 84' lang='lat' dir='ltr'><strong>substantivo</strong></span> <span class='ocrx_word' id='word_1_306' title='bbox 1978 4047 2101 4110; x_wconf 90' lang='lat' dir='ltr'><strong>pro</strong></span> <span class='ocrx_word' id='word_1_307' title='bbox 2158 4022 2467 4111; x_wconf 81' lang='grc' dir='ltr'><strong><em>ἐπαγωγή</em></strong></span> <span class='ocrx_word' id='word_1_308' title='bbox 2521 4050 2679 4093; x_wconf 86' lang='lat' dir='ltr'><strong>usus</strong></span> <span class='ocrx_word' id='word_1_309' title='bbox 2746 4032 2864 4113; x_wconf 85' lang='lat' dir='ltr'><strong>est,</strong></span> 
     </span>
     <span class='ocr_line' id='line_1_36' title="bbox 560 4127 2862 4220; baseline 0.003 -26"><span class='ocrx_word' id='word_1_310' title='bbox 560 4130 738 4194; x_wconf 86' lang='lat' dir='ltr'><strong>velut</strong></span> <span class='ocrx_word' id='word_1_311' title='bbox 789 4153 851 4214; x_wconf 90' lang='lat' dir='ltr'><strong>p.</strong></span> <span class='ocrx_word' id='word_1_312' title='bbox 902 4130 1027 4197; x_wconf 86' lang='lat'><strong>106</strong></span> <span class='ocrx_word' id='word_1_313' title='bbox 1055 4130 1126 4197; x_wconf 89' lang='lat' dir='ltr'><strong>b:</strong></span> <span class='ocrx_word' id='word_1_314' title='bbox 1191 4127 1513 4217; x_wconf 82' lang='grc' dir='ltr'><strong><em>ἐχρήσατο</em></strong></span> <span class='ocrx_word' id='word_1_315' title='bbox 1573 4128 1649 4197; x_wconf 73' lang='grc' dir='ltr'><strong>δὲ</strong></span> <span class='ocrx_word' id='word_1_316' title='bbox 1701 4133 1781 4219; x_wconf 81' lang='grc' dir='ltr'><strong><em>τῇ</em></strong></span> <span class='ocrx_word' id='word_1_317' title='bbox 1837 4128 2113 4220; x_wconf 80' lang='grc' dir='ltr'><strong><em>τοιαύτῃ</em></strong></span> <span class='ocrx_word' id='word_1_318' title='bbox 2168 4127 2466 4219; x_wconf 80' lang='grc' dir='ltr'><strong><em>ἀγωγῇ,</em></strong></span> <span class='ocrx_word' id='word_1_319' title='bbox 2530 4134 2609 4199; x_wconf 92' lang='lat' dir='ltr'><strong>de</strong></span> <span class='ocrx_word' id='word_1_320' title='bbox 2662 4136 2862 4201; x_wconf 89' lang='lat' dir='ltr'><strong>ratio-</strong></span> 
     </span>
     <span class='ocr_line' id='line_1_37' title="bbox 564 4234 2861 4327; baseline 0.002 -25"><span class='ocrx_word' id='word_1_321' title='bbox 564 4238 825 4303; x_wconf 87' lang='lat' dir='ltr'><strong>cinandi</strong></span> <span class='ocrx_word' id='word_1_322' title='bbox 863 4259 1114 4324; x_wconf 83' lang='lat' dir='ltr'><strong>genere,</strong></span> <span class='ocrx_word' id='word_1_323' title='bbox 1159 4239 1272 4304; x_wconf 91' lang='lat' dir='ltr'><strong>ubi</strong></span> <span class='ocrx_word' id='word_1_324' title='bbox 1311 4240 1480 4304; x_wconf 89' lang='lat' dir='ltr'><strong>male</strong></span> <span class='ocrx_word' id='word_1_325' title='bbox 1515 4240 1876 4325; x_wconf 82' lang='lat' dir='ltr'><strong>corrigunt:</strong></span> <span class='ocrx_word' id='word_1_326' title='bbox 1922 4234 2206 4327; x_wconf 78' lang='grc' dir='ltr'><strong><em>ἀρωγῇ.</em></strong></span> <span class='ocrx_word' id='word_1_327' title='bbox 2272 4239 2474 4307; x_wconf 78' lang='lat' dir='ltr'><strong>simil.</strong></span> <span class='ocrx_word' id='word_1_328' title='bbox 2507 4262 2567 4325; x_wconf 92' lang='lat' dir='ltr'><strong>p.</strong></span> <span class='ocrx_word' id='word_1_329' title='bbox 2603 4242 2774 4307; x_wconf 81' lang='lat'>1059</span> <span class='ocrx_word' id='word_1_330' title='bbox 2794 4263 2861 4308; x_wconf 90' lang='lat' dir='ltr'><strong>e:</strong></span> 
     </span>
     <span class='ocr_line' id='line_1_38' title="bbox 558 4338 2272 4431; baseline 0.001 -23"><span class='ocrx_word' id='word_1_331' title='bbox 558 4338 640 4408; x_wconf 76' lang='grc' dir='ltr'><strong><em>τὰ</em></strong></span> <span class='ocrx_word' id='word_1_332' title='bbox 683 4341 990 4431; x_wconf 81' lang='grc' dir='ltr'><strong><em>λήμματα</em></strong></span> <span class='ocrx_word' id='word_1_333' title='bbox 1033 4342 1145 4411; x_wconf 80' lang='grc' dir='ltr'><strong>καὶ</strong></span> <span class='ocrx_word' id='word_1_334' title='bbox 1190 4341 1308 4423; x_wconf 80' lang='grc' dir='ltr'><strong><em>τὰς</em></strong></span> <span class='ocrx_word' id='word_1_335' title='bbox 1353 4340 1664 4430; x_wconf 81' lang='grc' dir='ltr'><strong><em>ἀγωγὰς</em></strong></span> <span class='ocrx_word' id='word_1_336' title='bbox 1708 4340 1921 4430; x_wconf 81' lang='grc' dir='ltr'><strong><em>ὑγιεῖς</em></strong></span> <span class='ocrx_word' id='word_1_337' title='bbox 1966 4348 2272 4431; x_wconf 81' lang='grc' dir='ltr'><strong><em>ἔχοντας..</em></strong></span> 
     </span>
    </p>

    <p class='ocr_par' dir='ltr' id='par_1_8' title="bbox 736 4449 2861 4546">
     <span class='ocr_line' id='line_1_39' title="bbox 736 4449 2861 4546; baseline 0.003 -30"><span class='ocrx_word' id='word_1_338' title='bbox 736 4452 986 4517; x_wconf 87' lang='lat' dir='ltr'><strong>Ibidem</strong></span> <span class='ocrx_word' id='word_1_339' title='bbox 1031 4476 1092 4537; x_wconf 92' lang='lat' dir='ltr'><strong>p.</strong></span> <span class='ocrx_word' id='word_1_340' title='bbox 1139 4453 1272 4521; x_wconf 85' lang='lat'><strong>494</strong></span> <span class='ocrx_word' id='word_1_341' title='bbox 1301 4475 1362 4518; x_wconf 90' lang='lat' dir='ltr'><strong>c:</strong></span> <span class='ocrx_word' id='word_1_342' title='bbox 1416 4454 1497 4539; x_wconf 78' lang='grc' dir='ltr'><strong><em>τῇ</em></strong></span> <span class='ocrx_word' id='word_1_343' title='bbox 1555 4449 1629 4517; x_wconf 76' lang='grc' dir='ltr'><strong>δὲ</strong></span> <span class='ocrx_word' id='word_1_344' title='bbox 1688 4450 1945 4540; x_wconf 73' lang='grc' dir='ltr'><strong><em>γλώττῃ</em></strong></span> <span class='ocrx_word' id='word_1_345' title='bbox 2001 4450 2306 4539; x_wconf 76' lang='grc' dir='ltr'><strong><em>καθάπερ</em></strong></span> <span class='ocrx_word' id='word_1_346' title='bbox 2354 4453 2675 4546; x_wconf 72' lang='grc' dir='ltr'><strong><em>ἐργαλείῳ</em></strong></span> <span class='ocrx_word' id='word_1_347' title='bbox 2722 4458 2861 4522; x_wconf 88' lang='grc' dir='ltr'><strong><em>δια-</em></strong></span> 
     </span>
    </p>
   </div>
  </div>
 </body>
</html>
