3200 5175
1525 269 1655 356 ⁴-
1754 308 1881 374 102
1976 343 2055 354 -

669 482 930 572 ὃόρημα
975 482 1050 552 δὲ
1107 481 1528 572 [ὑβριστικὸν
1581 487 1855 568 εἴωθεν]
1904 479 2077 551 εἶναι
2122 481 2235 550 καὶ
2289 477 2381 550 ού
2428 477 2990 565 πεποιημένον

671 590 752 659 ἐκ
796 595 1295 678 παρασκευῆς
1339 591 1516 678 (opp.
1557 588 1592 658 ὁ
1643 591 1719 658 ἐν
1761 592 1853 682 τῷ
1900 587 2244 675 σκώμματι
2291 587 2537 677 δόλος).

845 737 934 748 --
978 699 1030 785 I,
1075 701 1116 765 9
1165 699 1252 785 (p.
1299 700 1429 766 633
1459 697 1549 785 o):
1604 695 1967 785 Θεόκριτον
2025 695 2100 764 δὲ
2162 693 2282 764 τὸν
2337 701 2509 762 Χῖον
2563 690 2991 777 ἀπέκτεινεν,

671 802 773 873 ὅτι
813 803 1155 891 φήσαντός
1183 809 1396 890 [τινος
1431 807 1527 884 εἰς
1559 799 1744 887 τοὺς]
1774 799 2174 890 ὀφθαλμοὺς
2209 797 2350 870 ἂν*
2380 800 2626 888 ραγένη
2648 801 2686 842 *
2726 802 2991 885 σωθη*

669 908 815 978 ἀλλ’
869 909 1003 997 ἅμα
1049 907 1233 978 εἶπεν
1278 908 1623 979 ἀδυνάτου
1666 908 1745 977 τὰ
1793 906 1925 978 ὑπὸ
1978 906 2103 996 τὴν
2158 913 2513 996 σωτηρίαν.
2596 907 2991 992 Stephanus

672 1020 972 1085 correxit:
1043 1011 1129 1085 ἂν
1199 1021 1323 1086 τοῦ
1395 1016 1722 1102 βασιλέως
1802 1016 2284 1101 παραγένηται,
2368 1015 2695 1100 σωθῆναι.
2793 1008 2983 1080 Ἀλλ’

675 1126 847 1211 ἐμοί,
895 1123 1096 1209 εἶπεν,
1133 1121 1434 1191 ἀδύνατα
1470 1119 1604 1209 φὴς
1646 1120 1729 1188 τὰ
1764 1124 1882 1208 τῆς
1926 1126 2271 1208 σωτηρίας.
2343 1120 2757 1188 Duebnerus:
2804 1115 2991 1185 ἀλλὰ

671 1256 788 1317 μοι
834 1227 1017 1298 εἶπεν
1070 1227 1413 1297 ἀδύνατον
1467 1225 1727 1314 ὑπέθης
1779 1232 2135 1315 σωτηρίαν.
2193 1267 2260 1276 -
2316 1227 2609 1295 Conioio:
2667 1230 2765 1305 είς
2816 1223 2991 1304 τοὺς

677 1334 1078 1426 ὀφθαλμοὺς
1123 1332 1209 1404 ἂν
1257 1337 1796 1424 [πα]ραγένη[ται
1848 1338 1972 1404 τοῦ
2022 1335 2406 1421 βασιλέως],
2461 1331 2987 1420 σωθή[σεσθαι].

670 1440 865 1511 Ἀλλά
911 1469 1062 1531 μοι,
1106 1438 1320 1528 εἶπεν,
1365 1440 1710 1510 ἀδύνατον
1753 1437 2147 1526 ὑποτίθης
2193 1440 2328 1529 (vel
2371 1440 2787 1529 προτείνεις).

849 1590 936 1599 -
980 1551 1042 1631 Ι,
1105 1553 1186 1617 12
1234 1549 1324 1636 (p.
1371 1551 1504 1618 634
1531 1549 1630 1636 d):
1693 1545 1801 1615 διὸ
1861 1548 1973 1614 καὶ
2035 1550 2175 1614 τῶν
2238 1550 2551 1633 κωμικῶν
2614 1551 2789 1615 ἔνιοι
2858 1545 2981 1633 τὴν

670 1661 944 1745 πικρίαν
988 1653 1308 1743 ἀφαιρεῖν
1355 1658 1636 1724 δοκοῦσι
1682 1658 1773 1747 τῷ
1822 1652 2148 1722 σκώπτειν
2196 1652 2499 1740 ἑαυτούς,
2556 1650 2646 1733 ὥς
2686 1651 2989 1737 Ἀριστο-

673 1761 896 1851 φάνης
931 1767 1025 1842 εἰς
1058 1761 1184 1849 τὴν
1221 1760 1692 1850 φαλακρότητα
1725 1761 1837 1827 καὶ
1871 1758 1999 1847 τὴν
2032 1755 2477 1845 Ἀγάθωνος*
2512 1766 2721 1842 λίψιν.
2770 1763 2991 1849 Wytt.

675 1873 980 1938 correxit:
1029 1869 1143 1936 καὶ
1182 1867 1492 1955 Ἀγάθων
1539 1873 1634 1948 εἰς
1676 1866 1801 1955 τὴν
1846 1865 2128 1955 θρύψιν.
2202 1869 2543 1936 Sententia
2588 1871 2767 1935 aliud
2824 1873 2995 1956 quid

673 1979 1000 2065 requirere
1047 1977 1319 2043 videtur.
1400 1977 1874 2062 Aristophanes
1911 1977 2281 2062 Agathonis
2321 1978 2666 2043 mollitiem
2711 1980 2818 2044 vel
2867 2002 2991 2062 po-

674 2086 806 2151 tius
843 2087 1068 2150 luxum
1104 2105 1326 2149 comae
1363 2082 1679 2148 ludificari
1715 2082 2006 2166 volebat3
2054 2082 2226 2167 quod
2262 2086 2594 2148 assecutus
2633 2088 2752 2169 est,
2794 2107 2991 2149 suam

675 2193 817 2276 ipse
863 2189 1191 2256 calvitiem
1237 2188 1531 2254 irridens.
1618 2186 1819 2253 Ser-ib.
1867 2187 2093 2273 igitur:
2138 2190 2235 2265 εἰς
2276 2185 2405 2273 τὴν
2450 2186 2720 2278 (αὑτοῦ)
2768 2197 2991 2275 φαλα-

675 2296 961 2384 κρότητα
1024 2293 1137 2362 καὶ
1198 2290 1324 2380 τὴν
1379 2290 1766 2379 Ἀγάθωνος
1830 2290 2111 2380 θρύψιν.
2205 2295 2465 2361 Plenius
2520 2299 2590 2362 in
2646 2322 2710 2383 p.
2760 2297 2896 2364 693
2920 2298 2991 2362 b:

678 2402 888 2491 κόμης
932 2400 1270 2488 θρύψιν,
1316 2402 1486 2487 quod
1533 2400 1743 2486 Wytt.
1788 2401 2028 2467 iniuria
2072 2404 2351 2467 mutavit
2394 2403 2466 2468 in
2510 2403 2781 2490 θρέψιν.
2914 2466 2924 2476 ,

858 2549 939 2559 -
962 2510 1041 2596 X,
1068 2512 1108 2575 2
1129 2507 1218 2595 (p.
1249 2510 1381 2573 644
1401 2507 1496 2595 d):
1525 2503 1940 2593 παυσώμεθα
1966 2503 2084 2587 τάς
2109 2512 2381 2595 Μοίρας
2416 2503 2848 2596 ἀτιμάζοντες
2872 2511 2993 2576 καὶ

679 2616 798 2685 τὸν
835 2620 955 2703 τῆς
990 2613 1193 2702 τύχης
1219 2616 1428 2681 παῖδα
1465 2615 1719 2698 κλῆρον
1748 2652 1857 2697 -,
1894 2608 1969 2691 ὃς
2007 2653 2091 2662 -
2128 2652 2217 2662 -—
2253 2612 2376 2683 τὸν
2411 2613 2537 2702 μὲν
2570 2617 2827 2703 πένητα
2871 2618 2993 2685 καὶ

679 2722 1000 2793 ταπεινὸν
1037 2723 1392 2808 ἐπιγαυροῖ
1429 2718 1561 2786 καὶ
1610 2714 1749 2785 ούκ
1796 2718 2087 2806 ἐξαίρει
2133 2747 2218 2806 γε
2254 2726 2455 2789 νοῦν
2496 2747 2719 2803 τινος
2754 2721 2992 2793 αύτο-

681 2856 770 2898 νο
782 2834 920 2916 μία
933 2855 992 2915 ς,
1023 2825 1156 2895 τὸν.
1186 2826 1262 2895 δὲ
1297 2825 1627 2894 πλούσιον
1662 2824 1774 2893 καὶ
1810 2825 2021 2912 μέγαν
2057 2827 2301 2908 ἐθίζων
2341 2827 2597 2915 ἰσότητι
2622 2828 2716 2916 μὴ
2746 2833 2995 2899 δυσκο-

683 2942 943 3004 λαίνειν
1005 2931 1275 3013 ἀλύπως
1337 2937 1755 3020 σωφρονίζει.
1847 2934 1951 2999 Ita
2015 2934 2235 3021 Steph.
2301 2936 2511 3023 dedit,
2574 2960 2723 3004 eum
2790 2944 2995 3005 antea

682 3046 1008 3130 legeretur
1044 3041 1342 3127 ἐξαίρει
1388 3037 1631 3125 γενόν
1666 3064 1849 3118 τινος
1882 3035 2111 3107 αὐτόν.
2172 3040 2475 3108 Reiskius
2516 3046 2826 3111 correxit:
2866 3042 2995 3111 οὐκ

686 3149 1036 3235 ἐξαιρεῖται
1089 3144 1152 3233 γ’
1217 3143 1491 3214 ἔννοιάν
1552 3170 1737 3225 τινος
1790 3141 1932 3212 αὐτ.
2013 3147 2228 3233 Wytt.
2284 3148 2528 3235 ἐξαίρει
2590 3147 2711 3217 τὸν
2777 3151 2994 3236 μέσον

681 3259 801 3342 τῆς
855 3257 1221 3339 ἰσονομίας.
1313 3252 1711 3339 Madvigius:
1777 3252 2131 3338 ἐπιγαυροῖ
2188 3252 2300 3319 καὶ
2362 3249 2705 3342 ὑπεξαίρει
2770 3260 2994 3324 κενῶν

681 3387 868 3441 τινος
929 3355 1140 3427 αὐτὸν
1193 3364 1609 3444 μισονομίας.
1691 3358 2191 3427 Herwerdenus:
2254 3360 2367 3427 καὶ
2426 3358 2551 3429 οὐκ
2612 3363 2862 3450 ἐξαίρει
2916 3390 2996 3449 γε

688 3481 876 3535 νοεῖν
919 3492 1108 3545 τινας
1153 3462 1362 3533 αὐτὸν
1408 3463 1636 3551 νομάς.
1674 3503 1759 3513 —-
1798 3465 1877 3531 In
1914 3466 2147 3550 quibus
2186 3468 2420 3551 opinor
2463 3469 2631 3535 nihil
2670 3475 2772 3536 est
2816 3472 3001 3557 quod

688 3576 1066 3642 satisfaciat.
1160 3575 1240 3638 In
1296 3574 1438 3639 loeo
1500 3576 1744 3656 autem,
1799 3571 1878 3636 de
1949 3595 2075 3657 quo
2136 3574 2380 3659 agitur,
2448 3577 2731 3641 maxime
2788 3579 2999 3644 offen-

691 3682 855 3746 dunt
901 3684 968 3745 et
1010 3680 1206 3745 verba
1253 3679 1600 3744 coniuncta
1648 3678 2003 3763 ἐπιγαυροῖ
2040 3676 2151 3743 καὶ
2198 3674 2321 3745 οὐκ
2359 3679 2626 3766 ἐξαίρει,
2667 3666 2839 3770 quia·
2864 3684 3003 3749 ἐπι-

689 3788 991 3873 γαυροῦν
1055 3788 1124 3851 et
1185 3785 1471 3870 ἐξαίρειν
1535 3786 1804 3849 eandem
1866 3785 1999 3849 fere
2054 3784 2389 3851 notionem
2450 3787 2729 3873 habent3
2798 3795 3003 3876 atque

689 3894 1006 3979 particula
1050 3915 1148 3976 γε,
1195 3893 1374 3957 euius
1424 3891 1594 3957 ratio
1642 3891 1935 3975 intellegi
1986 3892 2231 3974 nequit.
2316 3892 2441 3957 His
2492 3894 3005 3964 difficultatibus

692 4021 1023 4067 occurrere
1050 4000 1263 4084 possis
1293 3998 1665 4065 scribendo:
1702 3996 2057 4081 ἐπιγαυροῖ
2084 3995 2196 4062 καὶ
2234 3998 2696 4085 συνεξαίρει
2732 4000 3005 4085 γεύων

689 4103 877 4183 τινὸς
923 4100 1350 4190 αὐτονομίας,
1395 4106 1436 4170 i.
1483 4126 1536 4170 e.
1586 4105 1854 4169 ΚΑΙΟΥ.
1885 4105 2440 4171 ΕΞΑΙΡΕΙΓΕΥΟΝ
2484 4136 2569 4159 =
2615 4106 2728 4173 καὶ
2778 4108 3004 4197 συ(ν)-

693 4213 936 4298 εξαίρει
982 4208 1218 4297 γεύων.
1301 4210 1455 4278 Sors
1500 4211 1616 4275 illa
1669 4229 2015 4293 pauperem
2061 4213 2127 4273 et
2184 4209 2496 4283 humilem
2552 4214 2798 4297 gaudio
2856 4239 3004 4300 per-

692 4319 910 4385 fundit
971 4323 1036 4384 et
1091 4319 1368 4404 extollit,
1433 4318 1585 4382 dum
1652 4337 1797 4380 eum
1859 4315 2113 4400 aequali
2168 4317 2461 4383 ciborum
2526 4318 3005 4389 distributione

693 4422 1019 4491 libertatis
1049 4425 1289 4509 aliquid
1319 4425 1661 4509 degustare
1691 4422 1863 4488 facit.
1936 4420 2222 4488 Similem
2252 4425 2645 4515 sententiam
2674 4430 3010 4513 expressit
