3200 5175
1283 340 1721 407 .-45..,

362 516 454 606 μὴ
503 517 860 604 φέροντος;
915 521 1029 584 aut
1075 516 1475 603 ἐνδέχεται
1524 519 1697 603 quod
1742 520 2052 603 praestat.
2144 517 2453 585 Similiter
2497 518 2654 584 Em-

359 626 578 710 perius
617 624 789 709 quod
824 647 886 710 p.
916 624 1001 689 69
1021 624 1081 689 b·
1105 623 1281 689 codd.
1318 628 1700 712 παρρησίαν
1737 623 2135 711 ἐκδέχεται
2172 626 2490 711 praebent
2517 648 2653 692 cor-
2684 652 2703 662 ⁸

358 733 551 798 rexit:
597 752 794 817 παρρ.
841 727 1260 816 ἐνδέχεται.

541 836 610 903 O.
658 837 746 903 32
800 834 889 922 (p.
939 838 1019 903 71
1051 835 1152 925 b):
1207 835 1318 903 καὶ
1357 832 1823 924 Ἀριστομένης
1876 832 1912 904 ὁ
1962 840 2389 925 Πτολεμαίου
2443 845 2653 923 καθη-

360 940 562 1030 γητὴς
616 940 717 1011 ὅτι
778 940 1190 1025 νυστάζοντα
1247 948 1598 1030 πρεσβείας
1656 942 2001 1033 παρούσης
2051 943 2481 1031 ,ἐπέστησεν
2527 944 2653 1025 ἐξε-

360 1055 637 1137 γείρων,
701 1047 918 1134 λαβήν
981 1075 1132 1117 τινα
1193 1050 1478 1136 παρέσχε
1537 1062 1679 1129 τοῖς
1732 1049 2003 1132 κόλαξιν
2056 1057 2191 1119 κτλ.
2282 1052 2415 1119 Alii
2472 1053 2654 1120 codd.

362 1160 544 1226 dant:
610 1153 1023 1241 ἐπάτησεν;
1087 1180 1254 1223 unus
1319 1158 1408 1224 D:
1477 1158 1811 1239 ἐπάταξεν.
1896 1153 2216 1245 Ἐπάτησε
2278 1164 2651 1245 corruptum

358 1288 496 1332 esse
563 1287 598 1330 e
659 1265 969 1350 proximis
1032 1263 1443 1350 προσφέρειν
1503 1263 1623 1342 τὰς
1672 1276 1895 1351 χεῖρας
1948 1270 2147 1351 patet.
2229 1260 2652 1347 Ἐπάταξεν

355 1374 552 1440 unius
587 1372 843 1458 codicia,
889 1373 1060 1457 quod
1095 1371 1464 1439 Hercherus
1503 1373 1761 1458 recepit,
1799 1374 2115 1459 ineptum3
2162 1374 2321 1440 item
2357 1372 2651 1440 Herwer-

355 1480 506 1545 deni
561 1480 914 1562 ἔπαισεν,
969 1479 1071 1544 cui
1125 1483 1348 1544 tamen
1404 1478 1560 1545 ‘tam
1613 1480 1859 1566 liquido
1916 1482 2176 1545 constat
2230 1480 2651 1547 Plutarchum

357 1588 609 1653 dedisse
647 1588 916 1651 ἔπαισεν
953 1586 1057 1651 vel
1096 1582 1432 1670 ἐπάταξεν,
1479 1589 1552 1651 ut
1589 1582 1702 1651 vix'
1734 1585 1952 1651 credat
1978 1570 2057 1652 'se
2092 1588 2375 1671 primum
2409 1587 2533 1653 hac
2570 1589 2649 1656 de

357 1716 428 1759 re
467 1692 771 1760 monere'.
841 1691 1118 1777 Monuit,
1154 1695 1228 1758 ut
1261 1694 1560 1777 vidimu8‚
1598 1694 1797 1758 etiam
1824 1692 2211 1760 Hercherus.
2244 1732 2319 1741 —
2354 1694 2651 1760 Genuina

362 1802 684 1886 scriptura
745 1800 908 1865 mihi
967 1800 1217 1865 videtur
1272 1822 1412 1866 esse
1469 1799 1852 1886 ἐπέστησεν,
1909 1823 2063 1866 nam
2123 1798 2475 1885 ἐφιστάναι
2520 1824 2652 1868 non

357 1910 566 1975 solum
613 1906 851 1972 dicitur
897 1906 975 1971 de
1021 1928 1096 1973 eo
1145 1908 1255 1993 qui
1298 1928 1483 1973 suum
1526 1909 1811 1973 animum
1854 1909 2141 1988 intendit,
2196 1910 2650 1987 animadvertit,

358 2016 468 2081 sed
516 2015 713 2081 etiam
761 2012 838 2077 de
887 2036 963 2080 eo
1011 2014 1124 2099 qui
1168 2015 1368 2080 alium
1408 2016 1570 2097 facit
1610 2020 1928 2095 attentum,
1972 2016 2039 2080 id
2086 2016 2257 2101 quod
2293 2015 2485 2081 huius
2521 2016 2651 2081 loci

359 2122 682 2189 sententia
733 2122 1021 2207 requirit.
1113 2118 1426 2187 Similiter
1483 2123 1562 2187 17
1596 2123 1640 2187 f.
1696 2123 1779 2187 27
1814 2145 1869 2187 a.
1934 2123 2021 2188 32
2049 2122 2111 2189 b.
2164 2122 2286 2188 157
2320 2123 2377 2187 d.
2434 2123 2564 2189 660
2592 2123 2654 2189 d.

359 2228 499 2293 Tib.
545 2226 735 2293 Grac.
784 2228 882 2293 17.

536 2333 604 2401 C.
651 2335 736 2400 36
783 2333 872 2419 (p.
921 2335 1006 2399 74
1035 2333 1128 2423 a):
1185 2330 1348 2401 ὅταν
1402 2331 1532 2420 γὰρ
1587 2328 1631 2419 ἢ
1691 2333 2053 2420 μέλλοντας
2096 2331 2504 2421 ἁμαρτάνειν
2550 2338 2648 2404 ἐκ·

354 2442 636 2528 κροῦσαι
697 2438 936 2529 δεήσῃ
997 2434 1039 2526 ἢ
1093 2439 1260 2529 πρὸς
1313 2436 1532 2527 ὁρμήν
1583 2466 1735 2507 τινα
1778 2445 2009 2526 βίαιον
2059 2442 2535 2528 ἱσταμένους
2580 2443 2647 2525 ἐξ

355 2547 662 2626 ἐναντίας
719 2546 1100 2636 φερομένην
1158 2542 1200 2634 ἢ
1257 2544 1425 2636 ,πρὸς
1483 2544 1565 2616 τὰ
1618 2554 1787 2616 καλα
1844 2550 2152 2635 μαλακῶς
2195 2548 2307 2617 καὶ
2352 2546 2650 2637 ἀπροθύ-

353 2680 493 2740 μως
539 2659 812 2742 ἔχοντας
856 2654 1142 2722 ἐντεῖναι
1193 2656 1306 2723 καὶ
1349 2658 1775 2744 παρορμῆσαι
1821 2653 2250 2744 θελήσωμεν,
2272 2661 2391 2736 ,εἰς
2434 2661 2651 2738 αἰτίας

357 2764 466 2828 δεῖ·
520 2760 910 2851 περιφέρειν
973 2756 1264 2841 ἀτόπους
1322 2763 1434 2830 καὶ
1498 2761 1587 2850 μὴ
1652 2761 2033 2852 πρεπούσας
2092 2763 2168 2832 τὸ
2224 2765 2648 2854 γιγνόμενον.

351 2867 563 2955 Wytt.
629 2871 990 2936 annotavit:
1055 2871 1445 2938 ‘Infinitivus
1503 2876 1675 2938 certe
1728 2874 2077 2959 requiritur
2131 2877 2195 2939 et
2249 2874 2417 2940 forte
2472 2877 2648 2941 aliud

357 2977 586 3042 vitium
633 2979 810 3045 latet.
902 2978 982 3045 In
1025 2980 1211 3046 libris
1255 2981 1434 3046 nulla
1479 2981 1792 3047 varietas:
1837 2981 1968 3048 nisi
2004 2980 2201 3047 Vulc:
2252 2980 2645 3065 ἱσταμένους

352 3080 734 3170 φερομένην
782 3083 850 3164 ἐξ
895 3084 1227 3164 έναντίαςτ
1282 3107 1402 3152 nec
1447 3087 1816 3172 conjectura
1860 3085 2152 3171 subjicit,
2196 3085 2265 3150 in
2314 3109 2442 3172 qua
2486 3089 2648 3155 mihi

351 3191 492 3275 ipse
548 3192 708 3258 satis
753 3193 1008 3259 faciam.
1082 3186 1180 3258 ”H
1211 3189 1381 3280 πρὸς
1425 3187 1644 3280 ὁρμήν
1689 3215 1841 3258 τινα
1885 3194 2113 3276 βίαιον
2160 3193 2408 3278 ἰταμῶς
2451 3218 2647 3280 φερο-

354 3297 601 3382 μένους
645 3298 1155 3367 ἐναντιοῦσθαιε
1203 3323 1288 3366 an
1315 3339 1404 3350 —
1429 3302 1659 3384 βίαιον
1704 3300 2022 3366 ἵστασθαι
2068 3299 2136 3380 ἐξ
2182 3299 2490 3379 ἐναντίας
2535 3325 2646 3386 φε-

335 3405 704 3493 ·ρομένοις’.
786 3407 914 3475 Pro
975 3407 1451 3494 ἱσταμένους
1493 3407 1861 3493 Madvigius
1920 3408 2115 3473 scribi
2162 3406 2354 3492 jubet
2398 3405 2645 3495 ἐξιστα-

352 3510 625 3599 μένους;
670 3513 1036 3582 Hercherus
1081 3514 1615 3601 μεθισταμένους
1658 3518 1725 3580 et
1766 3517 1919 3600 post
1955 3512 2341 3599 φερομένην
2378 3513 2646 3580 lacunae

357 3620 547 3708 signa
562 3672 582 3706 ‚
645 3625 721 3687 ut
784 3621 855 3686 in
917 3623 1037 3688 tali
1099 3645 1168 3690 re
1234 3625 1425 3710 solet,
1489 3622 1683 3688 dedit.
1775 3621 1952 3698 Quae
2007 3624 2371 3688 commenta
2426 3622 2647 3688 omnia

351 3727 523 3793 falsa
579 3749 722 3794 esse
777 3731 1000 3795 statim
1056 3731 1414 3816 apparebit.
1505 3728 1733 3814 Neque
1787 3729 1961 3796 enim
2015 3731 2249 3797 lacuna
2293 3751 2499 3814 neque
2545 3729 2645 3795 in-

241 3917 243 3919 *
354 3834 607 3901 finitive
653 3857 818 3921 opus
864 3841 984 3904 est.
1055 3838 1206 3905 Una
1249 3839 1440 3904 litera
1484 3837 1814 3924 geminata
1856 3837 2070 3904 locum
2108 3836 2413 3903 turbavit.
2483 3837 2645 3902 Post
2755 3883 2759 3887 -

355 3936 596 4027 δεήσῃ
651 3942 990 4010 delendum
1044 3939 1089 4029 ἤ
1101 3993 1120 4028 ,
1176 3945 1345 4030 quod
1403 3946 1599 4010 etiam
1654 3948 1923 4029 propter
1974 3944 2227 4010 hiatum
2275 3947 2644 4028 suspectum

352 4068 496 4113 esse
533 4047 862 4134 debuerat,
908 4054 1103 4136 atque
1137 4073 1258 4136 pro
1295 4049 1773 4136 ἱσταμένους
1810 4051 2000 4116 scrib.
2038 4047 2642 4136 ένισταμένους;

354 4155 527 4240 quod
574 4158 641 4220 et
684 4154 856 4220 Plut.
900 4177 1058 4222 usus
1107 4159 1173 4222 et
1214 4157 1342 4222 loci
1387 4158 1713 4223 sententia
1755 4157 2109 4242 requirunt.
2192 4154 2494 4223 Ceterum
2542 4158 2640 4223 ΕΝ

349 4265 616 4347 propter
634 4261 954 4347 syllabam
973 4263 1461 4330 antecedentem
1473 4264 1584 4330 ΟΝ
1604 4263 1953 4330 intercidit.
1990 4262 2227 4328 Partic.
2240 4261 2274 4328 ἐ
2280 4288 2356 4329 νι
2370 4262 2643 4349 σταμέ-

350 4367 542 4447 νους
585 4391 731 4435 eum
778 4370 1084 4436 infinitivi
1129 4371 1416 4455 subjecto
1451 4365 1651 4456 ἡμᾶς
1678 4370 2079 4457 jungendum
2120 4393 2260 4437 esse
2298 4370 2642 4439 admonere

353 4477 511 4547 satis
577 4481 694 4544 est.
783 4477 1158 4545 Accusativi
1221 4501 1368 4546 cum
1431 4478 1752 4545 infinitivo
1818 4480 2214 4545 constructio
2282 4480 2643 4548 orationem
