3200 5175
1145 339 1707 404 .-27...-.

336 515 541 585 οὐδὲν
585 514 1034 604 ἡγούμενος
1077 517 1201 584 τοῦ
1245 520 1691 602 βιασθῆναι
1738 512 2108 602 διαφέρειν,
2152 516 2267 581 ubi
2301 513 2631 600 participii

332 622 710 712 ἡγούμενος
753 626 1114 692 subiectum
1153 628 1281 692 est:
1327 620 1364 691 ὁ
1395 621 1659 703 Σόλονς
1705 627 1930 690 oontm
1967 622 2464 689 infinitivorum:
2510 617 2633 687 τὸν

332 729 746 819 ποιούμενον
813 727 930 809 τὰς
986 728 1205 810 δόσεις
1269 733 1310 797 i.
1367 754 1420 797 e.
1477 732 1819 797 diversum.
1910 728 2225 795 Similiter
2279 729 2461 793 Alex.
2517 728 2632 795 35:

333 835 471 925 ἅμα
515 840 608 929 τῷ
653 843 1072 924 περιαλεῖψαι
1109 835 1220 903 καὶ
1255 844 1481 921 θιγεῖν
1526 833 1855 921 ἐξήνθησε
1901 832 2122 920 φλόγα
2174 831 2510 921 τοσαύτην
2551 830 2627 901 τὸ

338 947 545 1031 σῶμα.
619 945 699 1010 of.
746 944 819 1011 Gr.
867 944 1107 1011 Grachi
1157 944 1236 1009 19
1292 947 1450 1010 extr.
1507 946 1574 1009 et
1628 966 1692 1027 p.
1740 944 1867 1008 817
1900 966 1951 1008 e.
2044 940 2167 1008 Sed
2215 942 2297 1008 ad
2342 943 2633 1028 proposi-

339 1058 482 1119 tum
526 1053 879 1117 redeamus,
950 1051 1031 1116 In
1075 1052 1237 1134 loce,
1283 1051 1361 1116 de
1399 1073 1526 1136 quo
1565 1071 1776 1115 sermo
1816 1052 1917 1115 est
1952 1047 2210 1133 Goraes,
2254 1049 2427 1113 haud
2463 1052 2635 1115 reete

339 1160 534 1227 verba
587 1170 757 1235 τοῖς
809 1162 1224 1242 λογισμοῖς
1275 1180 1422 1222 eum
1467 1151 2140 1241 ἀναλαμβάνοντα
2183 1152 2313 1220 καὶ
2370 1154 2633 1241 στρέφ.

335 1266 574 1351 iungit3
653 1264 978 1350 iungenda
1043 1267 1228 1330 erant
1291 1286 1436 1329 cum
1476 1264 1953 1351 κρατηθῆναις
2024 1266 2099 1327 ut
2160 1262 2336 1327 enim
2402 1262 2638 1327 dicitur

331 1378 802 1459 κρατεῖσθαι
855 1367 1107 1461 ῧπνῳ,
1165 1376 1356 1459 οἴνῳ
1403 1374 1539 1456 ete„
1583 1370 1679 1435 ita
1724 1370 1923 1435 etiam
1966 1375 2439 1456 κρατεῖσθαι
2478 1367 2637 1458 (τῷ)

333 1485 683 1567 λογισμῳ
729 1479 831 1545 vel
879 1476 1074 1566 (τοῖς)
1119 1483 1566 1562 λογισμοῖς,
1614 1478 1790 1543 velut
1832 1475 2117 1543 Demetr.
2165 1477 2278 1542 38:
2323 1477 2630 1559 κεκρατῆ-

337 1593 501 1651 σθαι
555 1585 647 1675 τῷ
705 1586 1019 1674 λογισμῷ.
1109 1608 1170 1669 p.
1217 1585 1350 1651 454
1377 1606 1439 1650 e:
1495 1594 1763 1670 κρατεῖν
1821 1582 1957 1650 ἐστι
2010 1585 2101 1673 τῷ
2149 1583 2463 1672 λογισμῷ.
2556 1583 2635 1647 ef.

338 1691 470 1757 Cio.
522 1693 629 1757 12:
683 1693 774 1783 τῷ
832 1687 1008 1779 λόγῳ
1065 1691 1537 1775 κρατηθέντας.
1629 1690 1850 1776 Pelop.
1897 1692 1983 1757 32
1995 1714 2011 1755 3
2064 1688 2335 1774 κατέσχε
2388 1689 2479 1779 τῳ
2527 1694 2636 1755 λο-

336 1799 550 1889 γισμῷ
595 1795 719 1883 τὴν
765 1794 993 1884 ὀργήν.
1086 1799 1296 1864 Alcib.
1343 1799 1457 1864 25:
1515 1794 1968 1886 κρατούμενος
2028 1798 2107 1885 τῇ
2164 1795 2414 1884 γνώμῃ.
2505 1797 2636 1862 An-

333 1908 466 1971 ton.
515 1907 628 1971 663
676 1907 876 1983 ἰδίοις
918 1910 1265 1990 λογισμοῖς
1309 1901 1798 1989 διοικούμενον.

514 2010 916 2096 comparat.
944 2011 1184 2079 Niciae
1211 2012 1286 2078 et
1310 2010 1554 2079 Crassi
1581 2014 1653 2078 2:
1691 2010 1727 2078 ὁ
1757 2009 1832 2078 δὲ
1861 2008 2177 2099 Κράσσος
2202 2007 2461 2096 ὑψηλὸς
2486 2013 2645 2096 περί

339 2143 416 2203 γε
468 2119 674 2183 ταῦτα
727 2115 838 2185 καὶ
894 2115 1341 2203 μεγαλόφρων
1396 2113 1481 2184 οὐ
1532 2116 1702 2206 πρὸς
1759 2118 2080 2200 Κλέωνας
2135 2112 2285 2185 οὐδ’
2327 2113 2637 2203 ’Τπερβό-

337 2226 504 2308 βους
568 2220 660 2308 μὰ
714 2229 852 2290 Δία
912 2225 1036 2291 τοῦ
1079 2220 1344 2309 ἀγῶνος
1399 2220 1627 2309 ὄντος,
1692 2219 1861 2292 ἀλλὰ
1913 2222 2081 2313 πρὸς
2123 2219 2248 2309 τὴν
2294 2227 2640 2310 Καίσαρος

338 2327 764 2417 λαμπρότητα
809 2328 920 2396 καὶ
965 2342 1139 2418 τρεῖς
1181 2332 1304 2397 τοῦ
1351 2335 1715 2415 Πομπηΐου
1753 2328 2137 2418 θριάμβους
2183 2326 2306 2416 ούχ
2349 2325 2637 2415 ὑπείξας,

339 2431 489 2503 ἀλλ’
539 2431 831 2524 ἀντάρας
875 2435 1156 2527 ἑκατέρῳ
1202 2433 1327 2523 τὴν
1373 2436 1699 2523 δύναμιν,
1744 2432 2065 2523 ἀξιώματι
2110 2435 2186 2503 δὲ
2230 2438 2347 2522 τῆς
2389 2460 2638 2522 τιμητι-

334 2544 455 2630 κῆς
498 2539 705 2632 ἀρχῆς
747 2541 859 2611 καὶ
905 2541 1268 2630 Πομπήϊον
1310 2540 1870 2635 ὑπερβαλόμενος.
1956 2551 2107 2612 Δεῖ
2146 2541 2293 2631 γὰρ
2341 2542 2463 2610 ἐπὶ
2510 2567 2640 2630 με-

335 2655 644 2738 γίστοις
698 2645 794 2718 οὐ
837 2673 923 2718 το
973 2651 1459 2737 ἐπίφθονον,
1522 2647 1699 2718 ἀλλὰ
1745 2647 1822 2718 τὸ
1868 2647 2174 2739 λαμπρόν
2220 2651 2295 2718 ἐν
2339 2655 2640 2740 πολιτείᾳ

337 2755 785 2844 λαμβάνειν
843 2759 1115 2844 μεγέθει
1178 2757 1526 2845 δυνάμεως
1595 2758 2099 2845 ἐξαμαυροῦντα
2158 2757 2283 2826 τὸν
2346 2756 2639 2845 φθόνον.

339 2867 442 2932 Ad
489 2867 687 2931 verba.
741 2870 1026 2932 extrema
1072 2865 1308 2933 Goraes
1364 2868 1525 2933 haee
1583 2867 1910 2953 ascripsit:
1966 2861 2091 2933 οὐκ
2137 2865 2483 2953 ἐῤῥῶσθαί
2522 2890 2637 2952 μοι

340 2976 530 3039 δοκεῖ
577 2968 654 3038 τὸ
709 2975 982 3059 χωρίον,
1037 2968 1255 3050 ἄλλως
1296 2996 1367 3040 τε
1412 2970 1523 3040 καὶ
1567 2969 2065 3059 παραβάλλοντι
2107 2969 2277 3059 πρὸς
2320 2968 2401 3039 τὰ
2444 2966 2639 3040 ἀλλα-

335 3080 460 3165 χοῦ
505 3076 687 3167 (περὶ
736 3084 1010 3145 Δυσωπ.
1057 3083 1098 3162 ἓ
1132 3078 1240 3166 18)
1289 3079 1610 3168 εἰρημένα
1638 3079 2051 3170 Πλουτάρχῳ
2093 3081 2324 3165 ταῦτα,
2372 3074 2469 3145 “O
2514 3076 2638 3164 μὲν

341 3176 468 3253 οὖν
515 3185 961 3270 Θουκυδίδης,
1018 3181 1108 3265 ὥς
1164 3183 1542 3273 ἀναγκαίως
1597 3185 1929 3273 ἑπομένου
1979 3187 2071 3277 τῷ
2129 3183 2470 3252 δύνασθαι
2515 3187 2638 3252 τοῦ

338 3299 775 3378 φθονεῖσθαι,
817 3293 1038 3372 καλῶς
1081 3311 1248 3381 φησι
1293 3292 1746 3379 βουλεύεσθαι
1788 3289 1912 3360 τὸν
1958 3291 2063 3359 ἐπὶ
2108 3296 2442 3378 μεγίστοις
2477 3299 2640 3378 λαμ-

337 3397 633 3484 βάνοντα
670 3396 746 3466 τὸ
785 3398 1208 3486 ἐπίφθονονῖ
1269 3397 1435 3468 Ἀλλ’
1481 3398 1623 3468 οὔτ’
1666 3400 1741 3468 ἐν
1776 3413 1917 3477 τοῖς
1952 3404 2351 3476 τελευταίοις
2375 3395 2642 3477 τούτοις

339 3503 784 3590 Πλουτάρχου
853 3503 1128 3592 εὕρηται
1190 3502 1233 3592 ἡ
1300 3507 1376 3574 ἐν
1439 3510 1529 3596 τῷ
1585 3504 1997 3594 προκειμένῳ
2052 3508 2272 3595 χωρίῳ
2336 3501 2641 3591 ἄρνησις,

340 3609 494 3680 οὔτε
550 3608 730 3699 παρὰ
787 3613 878 3702 τῷ
925 3615 1214 3679 Θουκυδ.
1260 3611 1389 3700 (B‘‚
1436 3610 1562 3701 ξδ’)
1610 3611 1914 3700 φέρεται,
1959 3611 2255 3698 λέγοντι,
2304 3612 2408 3661 ‘--
2462 3607 2643 3691 ὅστις

339 3715 406 3785 δ’
469 3717 576 3785 ἐπὶ
631 3723 964 3805 μεγίστοις
1006 3715 1082 3786 τὸ
1131 3719 1514 3806 ἐπίφθονον
1557 3716 1887 3806 λαμβάνει
1936 3715 2165 3805 ὀρθῶς
2208 3715 2640 3806 βουλεύεταιῆ

321 3821 451 3893 Ἵν’
514 3816 643 3894 οὖν
697 3821 902 3905 αὐτὸς
957 3825 1167 3917 ἑαυτῷ
1223 3826 1335 3894 καὶ
1388 3828 1775 3915 Θουκυδίδῃ
1834 3822 2128 3914 ὁμολογῇ
2185 3824 2642 3912 Πλούταρχος,

339 3933 708 4020 γραπτέον,
768 3940 917 3999 Δεῖ
959 3931 1102 4019 γὰρ
1150 3933 1276 4000 ἐπὶ
1321 3938 1732 4020 μεγίστοις
1778 3930 1870 4001 ού
1913 3931 1999 4000 τὸ
2049 3929 2642 4020 ἀνεπίφθονον,

340 4034 534 4106 ἀλλὰ
599 4036 683 4105 τὸ
749 4038 1111 4126 λαμπρόν
1171 4047 1336 4125 κτλ.,
1401 4035 1444 4126 ἢ
1510 4039 1941 4127 περιελόντας
1996 4037 2124 4127 τὴν
2188 4037 2477 4125 ἄρνησιν
2531 4038 2642 4106 καὶ

337 4145 708 4234 τρέψαντας
760 4142 884 4211 τὸν
939 4144 1260 4232 ἐχόμενον
1314 4144 1703 4232 σύνδεσμον
1748 4148 1843 4225 είς
1880 4146 2249 4235 έπίρῤημα,
2305 4152 2456 4211 Δεῖ
2494 4142 2672 4231 γὰρ,

341 4252 446 4319 ἐπὶ
493 4256 827 4339 μεγίστοις
870 4249 945 4320 τὸ
987 4254 1370 4339 ἐπίφθονον
1409 4253 1545 4338 ἅμα
1581 4251 1693 4319 καὶ
1729 4248 1805 4318 τὸ
1844 4248 2153 4340 λαμπρόν
2187 4251 2346 4319 κτλ.’
2413 4251 2641 4320 Corai's

343 4361 858 4427 emendationem
918 4355 1001 4426 οὐ
1045 4355 1120 4426 τὸ
1167 4355 1637 4444 ἀνεπίφθονον
1685 4359 1961 4425 editores
2008 4364 2400 4443 receperunt.
2490 4361 2637 4448 Ego

341 4472 644 4535 neutrum
691 4471 924 4537 vellem
965 4469 1242 4555 faetum3
1287 4451 1568 4554 primam
1614 4468 1789 4534 enim
1836 4489 1914 4534 ex
1958 4468 2071 4534 illo
2109 4469 2255 4534 loco
2293 4469 2442 4534 ante
2479 4470 2641 4536 eita—
