3200 5175
1252 355 1346 411 -ae
1437 319 1557 383 117
1656 354 1733 365 -

524 496 602 561 In
655 495 965 580 proximis
1025 493 1118 583 (c)
1173 496 1334 561 haec
1379 498 1739 583 leguntur:‘
1765 493 1931 583 πρὸς
1978 492 2061 561 δὲ
2105 492 2185 561 τὰ
2232 492 2403 562 ἄλλα
2450 492 2646 561 καλὰ

317 598 471 685 τὴν
507 597 719 686 φύσιν
756 596 1002 685 αὐτῶν,
1048 598 1138 687 μὴ
1179 602 1527 687 ψέγοντας,
1575 605 1669 681 εἰς
1701 601 1922 690 μόνην
1950 606 2184 688 φιλίαν
2214 598 2644 689 ἀνάρμοστον

320 702 772 793 ἀποφαίνειν,
821 705 1202 775 παντάπασι
1249 706 1498 775 δεινόν.
1588 710 1692 776 Ita
1737 711 1952 796 Wytt.
1999 710 2198 777 edidit
2242 732 2387 775 eum
2435 734 2637 776 anno-

317 817 619 883 tatione:
685 816 789 882 ‘ds'
846 821 946 881 est
1009 818 1080 881 in
1124 816 1205 909 E..
1265 815 1593 900 ψέγοντας
1647 841 1725 884 ex
1779 818 1854 883 B.
1898 818 1975 883 E.
2064 816 2282 903 Vulgo
2338 813 2507 902 πρὸς
2560 812 2641 881 τὰ

321 917 510 989 ἄλλα
567 919 734 989 κατὰ
790 918 936 1007 τὴνΙ
977 919 1188 1007 φύσιν
1245 918 1486 991 αὐτῶν.
1543 920 1689 991 ἀλλ’
1740 918 1781 1009 ἢ
1830 914 2167 1008 ψέγονται.
2258 923 2643 990 Duebnerus

323 1053 419 1096 ex
482 1053 600 1097 suo
661 1029 910 1095 addidit
967 1026 1180 1117 φάναι
1235 1034 1301 1096 et
1345 1018 1633 1116 scripsit}
1700 1028 1968 1116 [φάναι]
2019 1027 2093 1096 δὲ
2139 1027 2308 1117 πρὸς
2350 1025 2429 1095 τὰ
2476 1024 2645 1095 ἄλλα

320 1132 512 1203 καλὰ
557 1174 644 1185 -·
689 1130 836 1203 ἀλλ’
907 1130 948 1221 ἢ
1015 1134 1358 1221 ψέγοντας.
1452 1137 1875 1205 Scribendum
1938 1141 2127 1224 puto:
2192 1132 2359 1222 πρὸς
2424 1133 2498 1202 δὲ
2562 1133 2643 1202 τὰ

326 1238 514 1310 ἄλλα
561 1230 989 1331 καλὴν(νώ
1037 1239 1308 1331 ἱκανὴν)
1353 1240 1480 1328 τὴν
1524 1240 1736 1329 φύσιν
1783 1238 2008 1309 αὐτῶν
2054 1238 2247 1327 άλλά,
2296 1244 2642 1328 ψέγοντας,

326 1353 438 1428 εἰς
481 1347 702 1437 μόνην
749 1352 984 1435 φιλίαν
1030 1344 1459 1437 ἀνάρμοστον
1503 1346 1929 1435 ἀποφαίνειν,
1975 1348 2354 1418 παντάπασι
2394 1352 2642 1417 δεινόν.

329 1458 523 1536 Quae
571 1460 746 1525 clara
791 1444 960 1525 sunt.

518 1563 587 1633 O.
645 1565 734 1631 24
792 1566 1044 1633 initioz'
1073 1567 1291 1631 καίτοι
1352 1563 1462 1630 καὶ
1527 1560 1685 1650 μεθ’
1754 1563 1988 1642 ἕλκους
2056 1571 2217 1642 ἴσως
2286 1559 2525 1631 οὐδὲν
2598 1556 2641 1653 ᾖ

327 1669 606 1757 δεινόν,
671 1666 890 1757 ωσπερ
945 1668 1028 1739 τὰ
1089 1671 1366 1757 δένδρα,
1423 1673 1698 1757 συμφυῆ
1754 1672 2076 1756 γενέσθαι
2130 1666 2297 1775 πρὸς
2355 1683 2643 1757 γυναῖκα

327 1775 656 1867 χρηστήν.
742 1777 911 1844 Mez:
957 1768 1054 1862 ἦν
1101 1774 1392 1845 δεινόν.
1465 1778 1854 1863 Impeditam
1903 1780 2263 1845 orationem
2310 1780 2644 1865 expedive-

328 1889 432 1953 ris
479 1886 849 1954 scribendo,
899 1880 1162 1967 οὐδενὶ
1211 1883 1441 1953 δεινόν
1493 1924 1568 1933 -
1621 1898 1937 1972 συμφυεῖ
1975 1885 2314 1972 γενέσθαι.

393 2034 398 2038 -
520 1992 590 2059 C.
637 1994 724 2059 24
772 1990 858 2078 (p.
910 1994 1150 2077 770b)·
1197 1996 1291 2060 ἔτι
1338 1991 1414 2059 δὲ
1459 1989 1956 2080 φορτικώτερον
2002 1989 2039 2060 ὁ
2088 1990 2416 2080 σοφιστὴς
2453 1998 2638 2061 Βίων

329 2098 454 2179 τὰς
497 2100 636 2167 τῶν
679 2099 903 2165 καλῶν
946 2104 1174 2188 τρίχας
1205 2095 1606 2186 Ἁρμοδίους
1652 2097 1871 2167 ἐκάλει
1914 2099 2025 2166 καὶ
2058 2096 2639 2199 Ἀριστογείτονας,

333 2202 526 2286 ὦς”
484 2230 637 2291 αμα
682 2206 925 2291 καλῆς
970 2209 1376 2293 τυραννίδος
1411 2202 2103 2293 ἀπαλλαττομένους·ε
2070 2204 2182 2275 υπ’
2226 2204 2451 2275 αὐτῶν
2486 2204 2645 2285 τοὺς

335 2310 636 2403 ἐραστάς.
699 2313 1001 2379 Reiskius
1040 2318 1194 2398 post
1221 2309 1356 2399 ἅμα
1385 2315 1604 2380 deesse
1636 2315 1999 2399 suspicatur
2026 2313 2499 2400 τμηθέντων
2528 2317 2643 2380 aut

335 2421 756 2489 κοπέντων
804 2418 1387 2506 (Ιος.,τμηθεισῶν
1433 2425 1548 2486 aut
1591 2422 1977 2509 κοπεισῶν).
2042 2421 2409 2508 Madvigius
2449 2444 2639 2507 quae-

337 2531 430 2596 rit
484 2551 644 2594 num
698 2528 768 2594 in
811 2522 853 2592 ἅ
869 2551 969 2612 μα
1014 2528 1255 2615 καλῆς
1308 2552 1465 2617 τυρ.
1522 2528 1757 2596 lateat:
1822 2514 2167 2615 ὥμοτάτης
2220 2530 2643 2616 τυραννίδος.

339 2637 644 2703 Fortasse
706 2636 1184 2722 corrigendum:
1249 2630 1339 2714 ὥς
1402 2629 1489 2702 ἂν
1546 2631 1850 2722 ἁπαλῆς
1901 2638 2306 2724 τυραννίδος
2359 2634 2447 2704 κὲ.
2542 2635 2638 2704 Of.

341 2743 572 2811 Caton.
618 2743 767 2810 mai.
803 2746 873 2808 4:
922 2737 1012 2821 ὥς
1057 2737 1145 2809 ἂν
1182 2781 1266 2790 -
1299 2741 1631 2829 δεόμενος.
1703 2770 1764 2831 p.
1812 2747 1930 2812 30:
1978 2739 2067 2822 ὡς
2112 2737 2198 2811 ἂν
2245 2781 2329 2791 -
2378 2741 2642 2828 ἀγαπῶ-

343 2868 476 2916 σαι.
551 2851 735 2917 6291)
783 2854 849 2915 et
892 2852 1154 2936 passim.

519 2955 590 3022 G.
637 2956 726 3023 25
771 2954 864 3042 (p.
917 2955 1151 3048 770e):
1215 2949 1303 3044 ἦν
1359 2957 1432 3024 δὲ
1487 2971 1775 3043 γυναῖκα
1828 2960 2063 3025 πασῶν
2120 2954 2401 3045 ἀρίστην
2446 2952 2642 3044 ἠγμέ-

341 3088 486 3148 νος,
551 3057 640 3150 ἣν
704 3062 841 3129 ἐκεῖ
899 3062 1024 3149 μὲν
1078 3059 1414 3150 Ἐμπονὴν
1483 3062 1801 3149 ἐκάλουν,
1868 3063 2201 3151 ἑλληνιστὶ
2267 3061 2330 3132 δ’
2400 3063 2487 3132 ἄν
2542 3091 2646 3144 τις

334 3167 628 3258 Ἡρωίδα
681 3168 1266 3299 προσαγορεύσειε·
1328 3166 1470 3239 οὔτ’
1528 3167 1881 3240 ἀπολιπεῖν
1939 3169 2227 3252 δυνατὸς
2272 3163 2377 3259 ἦν.
2467 3174 2643 3239 Ante

344 3272 484 3344 ουτ’
544 3279 836 3344 inserunt
887 3275 1137 3363 ταύτην
1193 3285 1452 3366 praeter
1495 3281 1967 3406 necessitatem.
2061 3281 2211 3346 Sine
2257 3304 2441 3346 mora
2487 3282 2641 3346 seri-

340 3386 646 3451 bendum:
693 3379 790 3469 ἣν
828 3382 904 3450 δὲ
939 3397 1224 3470 γυναῖκα
1255 3424 1335 3434 --
1367 3382 1658 3472 ἠγμένος
1696 3376 1932 3470 ῆν,-
1980 3385 2116 3452 ἐκεῖ
2147 3411 2270 3471 μεν
2300 3381 2639 3472 Ἐμπονὴν

347 3531 423 3541 -
473 3489 1076 3579 προσαγορεύσειεν
1140 3531 1213 3541 -
1232 3544 1252 3578 ,
1314 3488 1457 3560 οὐτ’
1525 3487 1877 3559 ἀπολιπεῖν
1931 3491 2021 3558 κέ.
2112 3493 2217 3558 Ita
2273 3492 2445 3558 enim
2491 3494 2640 3559 Plu-

339 3601 602 3667 tarchus
676 3604 1050 3666 constanter
1121 3602 1424 3687 loquitur.
1516 3601 1596 3666 ef.
1660 3599 1918 3665 Marcel.
1985 3602 2043 3668 7.
2112 3601 2223 3666 15:
2298 3593 2385 3684 ἣν
2460 3596 2537 3666 δὲ
2601 3595 2636 3666 ὁ

341 3702 737 3793 Μάρκελλος
782 3701 914 3772 ἀπὸ
960 3709 1082 3773 τοῦ
1132 3704 1485 3793 ζεύγματος
1533 3705 1728 3792 ἐπῆγε
1776 3702 2112 3792 μηχανήν,
2160 3702 2465 3791 σαμβύκη
2512 3703 2637 3792 μὲν

347 3815 638 3881 ἐκαλεῖτο
685 3810 777 3878 κὲ.
867 3813 1069 3880 Flam.
1116 3815 1240 3880 Tit.
1287 3817 1391 3882 20.
1440 3814 1679 3881 Sertor.
1732 3816 1834 3880 17.
1881 3818 1947 3879 et
1991 3815 2257 3900 passim.

518 3919 1186 4004 Philosophandum
1247 3938 1402 3988 esse
1467 3939 1629 3988 eum
1693 3920 2142 4006 principibus
2209 3942 2259 3984 c.
2320 3920 2352 3983 1
2420 3919 2639 3984 initioz

345 4023 785 4111 Σωρκανὸν
841 4027 1384 4112 ἐγκολπίσασθαι.
1478 4028 1805 4113 Corrupta
1861 4050 1989 4093 vox
2034 4021 2409 4112 Σωρκανόν
2461 4028 2639 4092 varie

345 4138 747 4204 emendatur:
774 4131 1038 4220 ’Ἑρωτα
1074 4135 1331 4217 κοινόν,
1379 4131 1779 4220 Λωρκανόν,
1823 4130 2054 4216 καλόν,
2101 4129 2454 4218 Σωρακόν,
2501 4130 2635 4198 Σύ-

344 4267 570 4329 ρακον.
670 4243 1042 4329 Madvigius
1108 4242 1410 4308 coniecit:
1485 4243 1579 4319 εἰς
1636 4237 1934 4329 ὁρκάνην
1988 4239 2517 4324 ,ἐγκολπίσασθαι
2571 4241 2641 4306 in

339 4355 476 4416 rete
534 4351 888 4436 includere,
955 4351 1126 4437 quod
1199 4350 1491 4432 ineptum
1559 4353 1677 4414 est.
1776 4348 2055 4434 Patzigii
2117 4349 2510 4427 κοίρανον
2576 4352 2642 4413 et

342 4459 665 4543 poeticum
712 4462 813 4524 est
859 4463 924 4524 et
967 4455 1278 4543 proximis
1324 4456 1461 4521 τῶν
1514 4455 1589 4521 ἐν
1636 4453 1904 4544 ἐξουσίᾳ
1940 4477 2071 4521 non
2110 4454 2426 4540 congruit.
2507 4453 2638 4519 Ini-
