3200 5175
1295 277 1775 342 -119-

561 453 724 520 Post
767 475 978 539 pauca.
1024 454 1433 520 scribendum
1479 457 1670 539 puto:
1728 447 1987 520 ὥσΠΕΡ
2036 457 2105 536 [Γ
2109 429 2235 537 ᾸΡ]
2281 449 2358 520 τὸ
2408 456 2557 547 φῶς
2594 451 2686 520 κὲ.

564 560 632 627 O.
679 561 722 626 3
770 559 860 648 (p.
901 562 1027 628 778
1044 560 1140 648 c):
1187 564 1456 645 Σπείρω
1505 555 1568 625 δ’
1610 555 1916 646 ἄρουραν
1954 556 2169 646 δώὸεχ
2205 555 2477 646 ἡμερῶν
2516 555 2685 627 ὁδὸν

1189 667 1565 755 Βερέκυντα
1612 669 1866 753 χῶρον·

381 765 610 858 οὗτος,
668 778 731 841 εἰ
773 773 861 860 μὴ
908 771 1127 862 μόνον
1171 771 1627 861 φιλογεωργὸς
1670 772 1837 840 ἀλλὰ
1886 773 1999 840 καὶ
2044 772 2529 861 φιλάνθρωπος
2574 765 2708 864 ἦν,7

379 879 584 966 ἥδιον
637 875 724 948 ἂν
785 885 1044 967 ἔσπειρε
1097 877 1220 966 τὴν
1275 877 1641 958 τοσούτους
1699 879 1969 967 τρέφειν
2027 881 2444 966 δυναμένην,
2508 875 2549 966 ἢ
2604 879 2679 949 τὸ

373 984 850 1067 Ἀντισθένους
886 988 1099 1056 ἐκεῖνο
1139 990 1482 1075 χωρίδιον,
1520 981 1607 1073 ἢν
1646 983 1838 1073 μόλις
1866 983 2044 1077 αὐτῷ
2073 977 2161 1054 αὖ
2190 984 2392 1054 πάλιν
2430 983 2680 1075 ἀνῄρη-

375 1115 525 1174 κας·
573 1098 642 1161 εἰ
677 1095 767 1162 δέ
797 1113 878 1162 σε
917 1092 1222 1182 ἠρόμην
1259 1092 1384 1181 τὴν
1423 1095 1828 1180 οἰκουμένην
1865 1091 2129 1161 ἅπασαν
2168 1094 2680 1182 ἐπιστρέφειν

375 1205 844 1289 παραιτοῦμαι.
937 1203 1094 1270 Loci
1151 1203 1624 1289 corruptissimi
1680 1204 1876 1268 verba
1932 1199 2021 1287 ἢν
2066 1201 2259 1288 μόλις
2304 1241 2387 1250 —-
2437 1199 2681 1290 ἀνῄρη-

375 1335 500 1388 κας
547 1316 806 1377 auctore
851 1310 1144 1396 Xenoph.
1193 1309 1460 1377 Conviv.
1495 1309 1617 1392 ΙΙΙ,
1655 1311 1694 1376 8
1744 1311 1987 1395 optime
2033 1311 2418 1376 Duebnerus
2466 1333 2677 1376 emen-

377 1411 585 1482 davit}
645 1410 684 1482 ὃ
731 1413 922 1502 μόλις
969 1411 1332 1505 Αὐτολύκῳ
1381 1418 1474 1493 εἰς
1517 1411 1737 1500 πάλην
1784 1408 1869 1482 ἂν
1915 1411 2165 1500 ἤρκεσε.
2256 1417 2535 1502 Reliqua
2581 1421 2675 1482 ta-

375 1545 530 1590 men
575 1525 637 1589 εἰ
681 1523 761 1590 δέ
802 1540 876 1590 σε
920 1517 1184 1608 ἠρόμην
1225 1559 1300 1570 --
1343 1522 1792 1605 παραιτοῦμαι
1839 1523 1992 1608 quid
2040 1524 2166 1588 sibi
2205 1524 2445 1588 vellent
2482 1546 2670 1589 nemo

375 1631 588 1698 adhuc
648 1631 996 1716 perspexit.
1087 1630 1272 1707 Quod
1318 1628 1530 1713 Wytt.
1592 1629 1893 1695 correxit:
1960 1625 2087 1714 ἐγὼ
2148 1627 2223 1696 δὲ
2284 1625 2670 1716 ἀρουμένην

371 1735 499 1823 τὴν
555 1737 959 1823 οἰκουμένην
1017 1732 1267 1802 ἅπασιν
1313 1734 1733 1822 ἐπιστρέφειν
1776 1737 2226 1822 παραιτοῦμαι
2272 1760 2480 1823 neque
2529 1739 2671 1803 aliis

374 1867 586 1930 neque
625 1844 748 1910 sibi
785 1846 924 1928 ipse
960 1844 1284 1928 probavit:
1337 1843 1737 1929 ‘posterioris
1777 1844 2004 1929 partis,
2041 1843 2272 1930 inquit,
2308 1845 2473 1909 ratio
2511 1867 2671 1910 non-

375 1953 528 2017 dum
577 1952 736 2018 satis
783 1951 1082 2036 expedita
1129 1948 1271 2016 est’.

551 2057 698 2143 Ego
757 2057 918 2122 mihi
985 2057 1208 2123 videor
1281 2057 1480 2124 verba
1545 2057 1887 2142 desperata
1952 2059 2292 2124 restituere
2354 2081 2545 2144 posse
2598 2060 2669 2124 in

372 2167 544 2232 hunc
589 2163 879 2231 modum:
926 2157 962 2230 ὅ
991 2145 1109 2246 '622

685 2272 1006 2355 Σπείρω
1053 2265 1194 2354 μὲν
1246 2263 1364 2350 [ὥς
1408 2264 1681 2353 ἥδιστα]
1730 2265 1853 2355 τὴν
1902 2269 2327 2355 οἰκουμένην,

685 2372 892 2442 ἅπασι
939 2372 1004 2442 δ’
1057 2377 1170 2454 εἰς
1213 2373 1519 2461 τροφὴν
1562 2378 2041 2462 παραιτοῦμαι,
2076 2403 2083 2408 ·

370 2486 432 2552 h.
489 2507 541 2550 e.
597 2483 1046 2568 παραιτοῦμαι
1103 2479 1178 2548 δὲ
1225 2488 1520 2570 σπείρειν
1567 2477 1675 2568 ἐφ’
1726 2473 1850 2573 ᾧτε
1896 2479 2193 2561 ἅπαντας
2236 2483 2537 2570 τρέφειν,
2593 2493 2668 2553 ut

371 2595 494 2659 hos
541 2597 608 2657 et
654 2592 1016 2677 superiores
1062 2614 1286 2657 versus
1334 2593 1554 2658 eadem
1603 2615 1881 2677 persona
1919 2591 2259 2681 (alterave)
2308 2594 2514 2659 dicere
2551 2619 2663 2679 pu-

371 2704 564 2784 tetur,
601 2700 800 2765 verba
837 2704 1054 2765 autem
1095 2694 1185 2777 ὥς
1220 2695 1458 2784 ἥδιστα
1497 2701 1602 2766 vel
1642 2702 1879 2765 similia
1918 2705 2032 2766 aut
2065 2724 2105 2765 a
2133 2700 2479 2767 Plutarcho
2518 2704 2659 2787 ipso

371 2812 486 2873 aut
534 2829 572 2872 a·
616 2808 881 2873 librario
921 2808 1160 2872 omissa
1213 2829 1351 2873 esse
1397 2806 1877 2893 intellegantur.
1972 2808 2074 2872 Ita
2122 2812 2187 2871 et
2230 2808 2377 2892 ipsa
2431 2831 2545 2893 per
2594 2832 2661 2874 se

368 2916 566 2981 verba
621 2916 994 2991 clai-esunt
1039 2917 1105 2977 et
1158 2936 1302 2978 cum
1364 2915 1673 2999 proximis
1728 2914 1959 2979 melius
2015 2914 2389 2999 cohaerent3
2451 2920 2663 3001 atque,

370 3022 689 3109 quomodo
754 3043 788 3085 e
848 3021 1336 3089 (ΠΕΙΡωΜΕΝ
1391 3021 1640 3086 factum
1709 3022 1797 3086 sit
1851 3022 2315 3105 (ΕΗΡΟΜΗΝ,
2372 3028 2662 3107 apparet.

373 3127 674 3195 Ceterum
729 3149 949 3193 versus
1014 3149 1430 3214 praegressos
1490 3127 1875 3194 Plutarchus
1938 3133 2403 3195 commemorat
2462 3132 2660 3195 etiam

366 3260 426 3320 p.
475 3217 684 3300 603a'
713 3238 778 3299 et
831 3234 982 3319 alii,·
1036 3235 1112 3300 de
1177 3236 1410 3320 quibus
1469 3236 1661 3319 plura
1726 3234 1983 3300 docebit
2051 3234 2126 3301 G.
2172 3235 2543 3301 Dindorfius
2590 3239 2661 3302 in

365 3344 573 3409 Poetis
625 3363 778 3409 scen.
827 3344 1068 3425 qraecis
1113 3342 1208 3409 ed.
1254 3341 1332 3408 V.
1377 3365 1438 3428 p.
1491 3344 1635 3407 111.
1728 3337 1893 3406 Sunt
1948 3364 2023 3405 ex
2078 3340 2291 3407 Niobe
2337 3342 2660 3427 Aeschyli.

542 3449 793 3515 Ibidem
818 3472 878 3534 p.
910 3450 1081 3515 778f
1115 3449 1563 3536 corrigendum
1602 3448 1879 3515 videtur:
1918 3438 1971 3538 ᾧ
2010 3444 2250 3527 πάντες
2287 3451 2655 3517 διοικοῦν-

361 3581 470 3623 ται
515 3578 642 3641 pro¹
682 3556 1088 3622 διοικῶνται.

543 3662 612 3729 C.
658 3664 702 3729 4
747 3665 887 3729 init.
945 3664 1228 3748 corrigo:
1288 3660 1434 3747 ἐμοὶ
1497 3660 1571 3729 δὲ
1632 3664 1822 3729 δοκεῖ
1868 3656 2017 3728 κᾶν
2071 3661 2216 3751 (pro
2273 3663 2413 3754 καὶ)
2461 3672 2656 3753 λυρο-

359 3766 555 3848 ποιὸς
599 3764 772 3854 ἀνὴρ
819 3808 906 3817 —-·
956 3808 1040 3818 -—
1087 3762 1232 3836 κᾶν
1276 3767 1522 3837 τέκτων
1569 3809 1658 3817 -—-
1706 3808 1788 3819 -—
1836 3763 1983 3837 κᾶν
2027 3768 2387 3855 ναυπηγός.

537 3875 645 3943 Ad
691 3877 1088 3962 principem
1132 3876 1582 3945 ineruditum
1628 3900 1679 3945 c.
1709 3880 1750 3944 3
1790 3876 1879 3966 (p.
1910 3880 1945 3943 7
1954 3879 2038 3944 80
2048 3877 2139 3965 c):
2185 3868 2283 3944 ὧν
2329 3895 2402 3944 σε
2448 3904 2657 3965 φρον-

358 3987 560 4064 τίζειν
616 3979 652 4050 ὁ
712 3982 1342 4070 Μεσορομάσδης
1394 3980 1704 4070 ἠθέλησε.
1793 3985 1995 4051 Recte
2052 3983 2291 4051 Ooraes
2345 4008 2463 4072 pro
2509 3991 2652 4053 Με-

359 4086 784 4179 σορομάσδης
821 4092 1082 4177 scripsit
1117 4092 1320 4176 μέγας
1351 4086 1790 4177 Ὠρομάσδης,
1827 4097 1903 4157 ut
1938 4093 2176 4178 legitur
2202 4091 2427 4160 Artax.
2465 4115 2515 4160 c.
2546 4094 2653 4161 29.

357 4199 436 4265 cf.
483 4198 656 4265 infra
699 4222 761 4283 p.
812 4200 894 4264 73
925 4222 1066 4285 sqq.
1140 4197 1265 4264 Sed
1309 4220 1499 4265 nemo
1548 4204 1805 4277 secutus
1853 4204 1970 4265 est.

534 4302 645 4371 An
705 4305 860 4371 seni
915 4306 1017 4372 sit
1070 4304 1377 4386 gerenda
1429 4304 1839 4388 respublica
1884 4328 1935 4372 c.
1989 4307 2020 4370 1
2073 4305 2161 4393 (p.
2212 4308 2247 4371 7
2254 4308 2341 4373 84
2352 4305 2445 4392 a):
2501 4305 2649 4391 ἐφο-

360 4413 582 4497 ρῶντα
627 4416 1164 4498 καλαμητρίας
1208 4410 1320 4477 καὶ
1363 4407 1699 4497 θεριστάς.
1781 4412 1878 4478 De
1923 4435 2077 4479 voce
2115 4418 2649 4500 καλαμητρίας
